1633 2802
235 206 302 265 54

231 290 496 339 Postumius
532 289 690 354 itaque
728 296 882 335 noster
919 286 1227 347 Heraclida,
1264 287 1554 337 Postumiae

229 378 452 425 Libertus
473 390 493 432 ‚·
527 384 573 422 et
606 376 838 440 Rogator
860 411 874 433 ,
913 383 958 422 et
992 373 1239 439 Ilffagister
1265 372 1555 440 Quinquen-

231 466 365 511 nalc's
401 463 572 509 iterum
610 462 763 508 extitit
804 462 1017 526 Collegic'
1040 459 1426 526 Apparatoram
1450 460 1554 508 An·-

231 551 437 598 nalium.
480 547 749 615 Collegium
804 546 890 594 hoc
925 536 1207 595 erbitramur
1260 549 1551 612 apparatio-

233 637 378 685 nibus
402 636 674 686 annalibus
698 634 954 684 chdorum
980 634 1214 700 praefuise
1232 671 1246 694 ‚
1270 633 1405 682 facile
1429 634 1470 682 S
1473 653 1554 685 ce-

229 727 477 771 m'corum.
520 721 621 768 Nec
656 722 846 770 turbare
873 719 1015 769 debet
1034 718 1088 768 τό
1109 720 1330 769 ANNAL
1359 740 1373 780 3
1416 722 1549 771 cuius

229 810 355 859 vocis
390 816 590 874 potestas
627 824 726 855 non
763 825 814 854 ea
849 807 1086 874 putanda,
1125 817 1178 855 ut
1213 808 1345 857 Ludi
1392 807 1441 855 hi
1478 826 1549 856 se-

233 895 331 943 mel
357 912 476 942 anno
502 894 872 952 celebrarentur;
902 894 986 942 sed
1005 892 1201 958 “αοριςως
1223 896 1395 960 potius,
1424 895 1549 943 idest

228 981 581 1047 Apparatores
618 979 876 1029 chdorzcm
899 1017 911 1040 ‚
953 997 1069 1046 quos
1103 998 1188 1045 per
1223 999 1395 1032 annum
1429 982 1548 1031 cele-

171 1070 175 1073 ’
225 1070 362 1117 brari·
410 1069 722 1134 contingeret.
780 1068 1062 1134 Rogatores
1088 1104 1100 1125 ‚
1180 1067 1400 1135 Sigonius
1459 1070 1546 1117 db-

227 1167 299 1205 cet
337 1155 416 1221 (1)
448 1193 462 1216 ‚
517 1173 596 1203 eos
632 1155 771 1202 fuisse
796 1192 812 1215 ,
868 1155 948 1219 qui
984 1156 1032 1201 in
1069 1154 1288 1202 Comitiis
1341 1155 1544 1204 Curiatis

226 1247 406 1291 cistam
440 1241 688 1307 defferrent
711 1277 725 1300 ,
764 1244 818 1287 in
853 1258 1005 1308 quam
1041 1239 1257 1289 tabellas
1297 1239 1547 1309 schJ'ragii

223 1330 438 1397 populus
474 1327 788 1377 eoniiciebat.
829 1325 927 1374 Sed
962 1328 1009 1373 in
1047 1345 1095 1374 re
1120 1337 1273 1376 nostra
1301 1330 1418 1394 quid
1445 1330 1544 1378 Ro-

224 1419 399 1479 gatori
433 1413 708 1461 huiusmodi
731 1431 837 1460 cum
862 1413 1074 1480 Chomitiis
1102 1413 1305 1461 Curiatis
1332 1418 1360 1462 Ρ
1389 1415 1540 1464 Idcir-

229 1518 282 1549 co
320 1502 418 1550 veri
460 1500 613 1548 simile
639 1498 830 1550 videtur
855 1537 869 1560 ,
905 1501 954 1547 in
988 1499 1236 1548 Ludorum
1273 1503 1539 1568 apparatio-

219 1590 358 1636 nibus
393 1590 678 1653 Rogatores
713 1606 789 1637 eos
824 1587 962 1635 fuisse
989 1623 1003 1647 ,
1040 1588 1124 1653 qui
1166 1597 1210 1635 et
1247 1588 1425 1637 Cistam
1449 1590 1536 1638 de-

222 1676 416 1735 ferrent,
446 1677 493 1722 in
531 1693 674 1742 quam
699 1674 892 1722 tabellas
919 1713 930 1734 ,
973 1693 1052 1724 seu
1075 1678 1270 1723 tesseras
1307 1675 1534 1725 ludorum

219 1765 520 1829 susciperent.
573 1763 705 1823 Quae
741 1765 780 1810 si
815 1780 923 1810 vera
959 1763 1077 1821 sint,
1141 1779 1345 1827 pronum
1380 1763 1519 1810 etiam

226 1859 294 1895 est
330 1851 552 1896 coniicere
585 1888 598 1908 ,
635 1851 828 1898 fortasse
869 1852 1166 1914 Cognitores
1201 1849 1249 1894 in
1286 1849 1532 1898 Ludorum

223 1937 600 2000 apparationibus
659 1953 736 1984 eos
788 1937 1049 1993 exstitisse,
1114 1936 1197 2001 qui
1259 1936 1529 1984 accedentes

223 2033 560 2087 cognoscerent
587 2059 599 2081 ,
639 2032 798 2071 utrum
835 2022 1113 2072 admittendi
1143 2058 1155 2082 ,
1196 2040 1349 2088 quove
1385 2023 1486 2072 loco
1512 2061 1528 2085 ,

221 2116 298 2154 aut
318 2107 480 2156 ordine
517 2108 794 2156 collocandi.

329 2381 396 2433 (1)
427 2381 517 2423 Lib.
553 2382 580 2420 l.
617 2383 717 2435 Cap.
749 2382 823 2425 ΙΙΙ.
