1633 2802
1349 138 1412 186 65

95 227 400 294 perennavit,
439 224 622 273 solium
656 231 724 270 est
761 223 1045 271 Balineum.
1084 222 1146 269 At
1208 221 1256 268 in
1294 221 1418 269 Mar-

92 330 224 360 more
260 319 420 359 nostro
456 310 601 358 Solia
638 310 735 356 sine
758 309 1071 358 controversia
1109 310 1418 357 loculamen-

92 409 146 445 ta
182 405 293 442 sunt
328 397 510 462 integro
545 395 763 443 cadaveri
798 395 1070 461 recipiendo
1120 394 1325 452 idonea3
1366 394 1417 441 in

91 497 235 547 quam
273 481 667 547 significationem
706 489 984 546 usurpatam
1020 497 1213 547 quoque
1252 480 1414 529 videas

89 581 252 615 vocem
288 564 505 612 'eamdem
540 583 565 612 a
601 565 766 612 Curtio
788 603 803 625 ,
841 574 887 612 et
911 565 1070 613 Floro.
1099 565 1267 631 Neque
1301 552 1410 631 *por-

90 668 146 700 ro
180 650 496 698 dubitandum
519 689 534 711 ‚
574 651 632 698 ab
669 652 758 698 hac
795 651 925 699 Solii
959 652 1147 716 propria
1184 652 1417 717 acceptio-

92 754 150 784 ne
186 735 447 784 derivatam
485 735 751 783 Celsianam
787 735 913 783 illam
940 773 954 794 ,
992 736 1247 802 minusque
1307 753 1415 801 pro-

90 824 245 887 priam
270 859 285 882 ,
323 841 416 889 qua
451 823 726 872 Balineum
759 823 1022 870 denotatur.
1042 822 1249 888 Corpora
1290 825 1417 871 enim

90 908 296 958 viventia
332 908 395 955 ita
430 908 524 957 fere
562 909 781 972 Balineo
818 917 1038 974 aptantur
1062 944 1075 966 ,
1116 917 1169 954 ut
1204 910 1300 956 suis
1335 928 1413 957 ca-

91 992 265 1043 davera
302 992 650 1049 loculamentis.
692 993 827 1052 Quid.
880 995 1024 1060 igitur
1059 1012 1145 1055 τῳν
1198 993 1412 1062 afflatio-

88 1096 181 1134 ’γων
218 1079 415 1144 principi
452 1080 674 1146 faciemus
696 1069 729 1138 ,’
763 1079 845 1144 qui
880 1078 1075 1128 Solium
1108 1098 1192 1144 pro
1232 1080 1412 1128 locula-

88 1175 248 1212 mento
306 1163 551 1229 sepulcrali
612 1167 790 1212 mirum
826 1177 1148 1215 commentam
1201 1184 1412 1231 pronun-

89 1252 177 1298 tiat
215 1248 293 1315 (t)
317 1253 347 1297 ?
382 1249 445 1296 Et
479 1268 537 1297 ne
574 1250 623 1296 in
659 1250 931 1315 quaestione
980 1252 1067 1299 hac
1104 1252 1230 1299 ullus
1267 1252 1410 1299 dubi-

91 1336 239 1384 tando
274 1336 401 1383 locus
438 1336 735 1401 relinquatur
764 1372 776 1393 ⁷
817 1353 874 1382 en
912 1335 1228 1404 fragmentum
1278 1337 1413 1384 aliud.

102 1422 454 1486 opportunitate
491 1422 589 1488 ipsa
625 1423 949 1488 opportunius.

195 2304 262 2358 (1)
292 2305 381 2347 Art.
416 2305 517 2347 Crit.
552 2305 666 2360 Dipl.
699 2320 744 2359 p.
777 2305 869 2355 242,
