<?xml version="1.0" encoding="UTF-8"?>
<!DOCTYPE html PUBLIC "-//W3C//DTD XHTML 1.0 Transitional//EN"
    "http://www.w3.org/TR/xhtml1/DTD/xhtml1-transitional.dtd">
<html xmlns="http://www.w3.org/1999/xhtml" xml:lang="en" lang="en">
 <head>
  <title>
</title>
<meta http-equiv="Content-Type" content="text/html;charset=utf-8" />
  <meta name='ocr-system' content='tesseract 3.04.00' />
  <meta name='ocr-capabilities' content='ocr_page ocr_carea ocr_par ocr_line ocrx_word'/>
</head>
<body>
  <div class='ocr_page' id='page_1' title='image "./inselectaquaedam00guar_0024.png"; bbox 0 0 1633 2802; ppageno 0'>
   <div class='ocr_carea' id='block_1_1' title="bbox 257 200 316 249">
    <p class='ocr_par' dir='ltr' id='par_1_1' title="bbox 257 200 316 249">
     <span class='ocr_line' id='line_1_1' title="bbox 257 200 316 249; baseline 0.017 -1"><span class='ocrx_word' id='word_1_1' title='bbox 257 200 316 249; x_wconf 72' lang='lat'>18</span> 
     </span>
    </p>
   </div>
   <div class='ocr_carea' id='block_1_2' title="bbox 225 281 1556 1961">
    <p class='ocr_par' dir='ltr' id='par_1_2' title="bbox 231 281 1556 1529">
     <span class='ocr_line' id='line_1_2' title="bbox 316 281 1552 350; baseline -0.001 -19"><span class='ocrx_word' id='word_1_2' title='bbox 316 285 366 334; x_wconf 82' lang='lat'>5.</span> <span class='ocrx_word' id='word_1_3' title='bbox 412 300 601 344; x_wconf 79' lang='lat'>12000,</span> <span class='ocrx_word' id='word_1_4' title='bbox 640 283 840 350; x_wconf 81' lang='lat' dir='ltr'><strong>emergit</strong></span> <span class='ocrx_word' id='word_1_5' title='bbox 863 298 1042 329; x_wconf 84' lang='lat' dir='ltr'>summa</span> <span class='ocrx_word' id='word_1_6' title='bbox 1072 281 1168 332; x_wconf 89' lang='lat' dir='ltr'>HS.</span> <span class='ocrx_word' id='word_1_7' title='bbox 1200 282 1262 333; x_wconf 91' lang='lat' dir='ltr'>N.</span> <span class='ocrx_word' id='word_1_8' title='bbox 1292 284 1458 333; x_wconf 79' lang='lat'>53000</span> <span class='ocrx_word' id='word_1_9' title='bbox 1504 298 1552 335; x_wconf 59' lang='lat' dir='ltr'>r:</span> 
     </span>
     <span class='ocr_line' id='line_1_3' title="bbox 244 367 1556 433; baseline -0.001 -15"><span class='ocrx_word' id='word_1_10' title='bbox 244 369 425 418; x_wconf 79' lang='lat' dir='ltr'>ducatis</span> <span class='ocrx_word' id='word_1_11' title='bbox 446 369 613 416; x_wconf 81' lang='lat' dir='ltr'>nostris</span> <span class='ocrx_word' id='word_1_12' title='bbox 639 367 932 433; x_wconf 83' lang='lat' dir='ltr'>Neapolitan.</span> <span class='ocrx_word' id='word_1_13' title='bbox 965 369 1059 416; x_wconf 79' lang='lat' dir='ltr'>fere</span> <span class='ocrx_word' id='word_1_14' title='bbox 1086 399 1105 407; x_wconf 91' lang='lat'><strong>·</strong></span> <span class='ocrx_word' id='word_1_15' title='bbox 1137 369 1284 418; x_wconf 84' lang='lat'>1323.</span> <span class='ocrx_word' id='word_1_16' title='bbox 1312 369 1401 417; x_wconf 81' lang='lat' dir='ltr'>Cui</span> <span class='ocrx_word' id='word_1_17' title='bbox 1427 388 1556 418; x_wconf 90' lang='lat' dir='ltr'>sum—</span> 
     </span>
     <span class='ocr_line' id='line_1_4' title="bbox 240 453 1553 524; baseline -0.002 -20"><span class='ocrx_word' id='word_1_18' title='bbox 240 475 346 505; x_wconf 84' lang='lat' dir='ltr'>mae</span> <span class='ocrx_word' id='word_1_19' title='bbox 382 453 658 524; x_wconf 78' lang='lat' dir='ltr'>addendum</span> <span class='ocrx_word' id='word_1_20' title='bbox 684 491 699 515; x_wconf 84' lang='lat'>,</span> <span class='ocrx_word' id='word_1_21' title='bbox 738 453 866 518; x_wconf 85' lang='lat' dir='ltr'>quod</span> <span class='ocrx_word' id='word_1_22' title='bbox 900 454 1071 502; x_wconf 82' lang='lat' dir='ltr'>invidit</span> <span class='ocrx_word' id='word_1_23' title='bbox 1106 457 1328 521; x_wconf 77' lang='lat' dir='ltr'>temporis</span> <span class='ocrx_word' id='word_1_24' title='bbox 1380 455 1553 503; x_wconf 73' lang='lat' dir='ltr'>iniuria</span> 
     </span>
     <span class='ocr_line' id='line_1_5' title="bbox 241 538 1555 606; baseline 0 -19"><span class='ocrx_word' id='word_1_25' title='bbox 241 543 292 589; x_wconf 83' lang='lat' dir='ltr'>in</span> <span class='ocrx_word' id='word_1_26' title='bbox 328 543 413 589; x_wconf 85' lang='lat' dir='ltr'>lin.</span> <span class='ocrx_word' id='word_1_27' title='bbox 460 541 536 588; x_wconf 83' lang='lat'>15.</span> <span class='ocrx_word' id='word_1_28' title='bbox 577 538 685 586; x_wconf 90' lang='lat' dir='ltr'>Non</span> <span class='ocrx_word' id='word_1_29' title='bbox 721 539 953 598; x_wconf 81' lang='lat' dir='ltr'>deerunt,</span> <span class='ocrx_word' id='word_1_30' title='bbox 991 541 1072 606; x_wconf 88' lang='lat' dir='ltr'>qui</span> <span class='ocrx_word' id='word_1_31' title='bbox 1106 541 1278 588; x_wconf 77' lang='lat' dir='ltr'>nimiae</span> <span class='ocrx_word' id='word_1_32' title='bbox 1331 558 1415 588; x_wconf 82' lang='lat' dir='ltr'>nos</span> <span class='ocrx_word' id='word_1_33' title='bbox 1451 558 1555 606; x_wconf 84' lang='lat' dir='ltr'>pro·</span> 
     </span>
     <span class='ocr_line' id='line_1_6' title="bbox 240 622 1554 698; baseline -0.002 -24"><span class='ocrx_word' id='word_1_34' title='bbox 240 627 436 674; x_wconf 83' lang='lat' dir='ltr'>lixitatis</span> <span class='ocrx_word' id='word_1_35' title='bbox 473 628 523 673; x_wconf 38' lang='lat' dir='ltr'>isti</span> <span class='ocrx_word' id='word_1_36' title='bbox 558 624 632 672; x_wconf 86' lang='lat' dir='ltr'>his</span> <span class='ocrx_word' id='word_1_37' title='bbox 667 622 1005 690; x_wconf 79' lang='lat' dir='ltr'>prosequendis</span> <span class='ocrx_word' id='word_1_38' title='bbox 1042 643 1144 698; x_wconf 75' lang='lat' dir='ltr'>reos</span> <span class='ocrx_word' id='word_1_39' title='bbox 1164 635 1333 693; x_wconf 73' lang='lat' dir='ltr'>agant,</span> <span class='ocrx_word' id='word_1_40' title='bbox 1373 627 1454 692; x_wconf 89' lang='lat' dir='ltr'>qui</span> <span class='ocrx_word' id='word_1_41' title='bbox 1482 634 1554 672; x_wconf 86' lang='lat' dir='ltr'>ta-</span> 
     </span>
     <span class='ocr_line' id='line_1_7' title="bbox 240 711 1551 778; baseline -0.002 -18"><span class='ocrx_word' id='word_1_42' title='bbox 240 712 288 760; x_wconf 83' lang='lat' dir='ltr'>le</span> <span class='ocrx_word' id='word_1_43' title='bbox 321 712 523 760; x_wconf 80' lang='lat' dir='ltr'>habeant</span> <span class='ocrx_word' id='word_1_44' title='bbox 560 711 648 757; x_wconf 85' lang='lat' dir='ltr'>sibi</span> <span class='ocrx_word' id='word_1_45' title='bbox 682 726 971 778; x_wconf 73' lang='lat' dir='ltr'>responsum.</span> <span class='ocrx_word' id='word_1_46' title='bbox 1012 711 1182 759; x_wconf 84' lang='lat' dir='ltr'>Melius</span> <span class='ocrx_word' id='word_1_47' title='bbox 1241 712 1325 759; x_wconf 83' lang='lat' dir='ltr'>ista</span> <span class='ocrx_word' id='word_1_48' title='bbox 1360 726 1551 776; x_wconf 84' lang='lat' dir='ltr'>supere-</span> 
     </span>
     <span class='ocr_line' id='line_1_8' title="bbox 238 796 1548 863; baseline -0.001 -19"><span class='ocrx_word' id='word_1_49' title='bbox 238 807 349 846; x_wconf 84' lang='lat' dir='ltr'>runt</span> <span class='ocrx_word' id='word_1_50' title='bbox 384 799 477 857; x_wconf 82' lang='lat' dir='ltr'>iis,</span> <span class='ocrx_word' id='word_1_51' title='bbox 517 797 602 863; x_wconf 88' lang='lat' dir='ltr'>qui</span> <span class='ocrx_word' id='word_1_52' title='bbox 655 813 706 843; x_wconf 85' lang='lat' dir='ltr'>ea</span> <span class='ocrx_word' id='word_1_53' title='bbox 764 805 966 851; x_wconf 84' lang='lat' dir='ltr'>norunt,</span> <span class='ocrx_word' id='word_1_54' title='bbox 1006 813 1149 860; x_wconf 88' lang='lat' dir='ltr'>quam</span> <span class='ocrx_word' id='word_1_55' title='bbox 1202 797 1257 844; x_wconf 83' lang='lat' dir='ltr'>iis</span> <span class='ocrx_word' id='word_1_56' title='bbox 1311 796 1548 857; x_wconf 81' lang='lat' dir='ltr'>deerunt,</span> 
     </span>
     <span class='ocr_line' id='line_1_9' title="bbox 238 881 1550 952; baseline -0.002 -21"><span class='ocrx_word' id='word_1_57' title='bbox 238 885 319 952; x_wconf 87' lang='lat' dir='ltr'>qui</span> <span class='ocrx_word' id='word_1_58' title='bbox 355 884 590 950; x_wconf 84' lang='lat' dir='ltr'>ignorant.</span> <span class='ocrx_word' id='word_1_59' title='bbox 630 881 844 929; x_wconf 82' lang='lat' dir='ltr'>Profecto</span> <span class='ocrx_word' id='word_1_60' title='bbox 869 918 884 939; x_wconf 83' lang='lat'><em>‚</em></span> <span class='ocrx_word' id='word_1_61' title='bbox 921 882 1002 946; x_wconf 91' lang='lat' dir='ltr'>qui</span> <span class='ocrx_word' id='word_1_62' title='bbox 1039 881 1185 928; x_wconf 83' lang='lat' dir='ltr'>literis</span> <span class='ocrx_word' id='word_1_63' title='bbox 1241 883 1550 948; x_wconf 76' lang='lat' dir='ltr'>cogitationes</span> 
     </span>
     <span class='ocr_line' id='line_1_10' title="bbox 237 967 1547 1035; baseline -0.002 -18"><span class='ocrx_word' id='word_1_64' title='bbox 237 986 343 1018; x_wconf 82' lang='lat' dir='ltr'>suas</span> <span class='ocrx_word' id='word_1_65' title='bbox 378 969 700 1035; x_wconf 56' lang='lat' dir='ltr'>consignant,</span> <span class='ocrx_word' id='word_1_66' title='bbox 738 967 928 1014; x_wconf 80' lang='lat' dir='ltr'>illorum</span> <span class='ocrx_word' id='word_1_67' title='bbox 980 967 1152 1015; x_wconf 85' lang='lat' dir='ltr'>similes</span> <span class='ocrx_word' id='word_1_68' title='bbox 1206 968 1504 1015; x_wconf 68' lang='lat' dir='ltr'>aestimamus</span> <span class='ocrx_word' id='word_1_69' title='bbox 1533 1006 1547 1027; x_wconf 86' lang='lat'><strong>‚</strong></span> 
     </span>
     <span class='ocr_line' id='line_1_11' title="bbox 236 1053 1547 1122; baseline -0.003 -19"><span class='ocrx_word' id='word_1_70' title='bbox 236 1057 320 1122; x_wconf 89' lang='lat' dir='ltr'>qui</span> <span class='ocrx_word' id='word_1_71' title='bbox 355 1054 552 1122; x_wconf 85' lang='lat' dir='ltr'>epulum</span> <span class='ocrx_word' id='word_1_72' title='bbox 587 1063 813 1120; x_wconf 81' lang='lat' dir='ltr'>apparant</span> <span class='ocrx_word' id='word_1_73' title='bbox 835 1090 847 1110; x_wconf 89' lang='lat'><strong>‚</strong></span> <span class='ocrx_word' id='word_1_74' title='bbox 888 1053 1060 1118; x_wconf 89' lang='lat' dir='ltr'>quibus</span> <span class='ocrx_word' id='word_1_75' title='bbox 1118 1070 1211 1100; x_wconf 91' lang='lat' dir='ltr'>non</span> <span class='ocrx_word' id='word_1_76' title='bbox 1247 1054 1356 1100; x_wconf 86' lang='lat' dir='ltr'>unis</span> <span class='ocrx_word' id='word_1_77' title='bbox 1416 1054 1547 1101; x_wconf 78' lang='lat' dir='ltr'>fasti-</span> 
     </span>
     <span class='ocr_line' id='line_1_12' title="bbox 235 1137 1548 1206; baseline -0.002 -19"><span class='ocrx_word' id='word_1_78' title='bbox 235 1139 474 1188; x_wconf 74' lang='lat' dir='ltr'>diosorum</span> <span class='ocrx_word' id='word_1_79' title='bbox 510 1140 752 1187; x_wconf 86' lang='lat' dir='ltr'>hominum</span> <span class='ocrx_word' id='word_1_80' title='bbox 790 1139 941 1206; x_wconf 82' lang='lat' dir='ltr'>palato</span> <span class='ocrx_word' id='word_1_81' title='bbox 976 1137 1162 1185; x_wconf 87' lang='lat' dir='ltr'>iusculis</span> <span class='ocrx_word' id='word_1_82' title='bbox 1183 1177 1198 1200; x_wconf 85' lang='lat'>,</span> <span class='ocrx_word' id='word_1_83' title='bbox 1238 1139 1548 1186; x_wconf 84' lang='lat' dir='ltr'>salsamentis-</span> 
     </span>
     <span class='ocr_line' id='line_1_13' title="bbox 234 1223 1545 1291; baseline -0.001 -19"><span class='ocrx_word' id='word_1_84' title='bbox 234 1243 327 1291; x_wconf 86' lang='lat' dir='ltr'>que</span> <span class='ocrx_word' id='word_1_85' title='bbox 362 1226 666 1276; x_wconf 82' lang='lat' dir='ltr'>serviendum</span> <span class='ocrx_word' id='word_1_86' title='bbox 690 1262 701 1283; x_wconf 79' lang='lat'>‚</span> <span class='ocrx_word' id='word_1_87' title='bbox 742 1225 823 1272; x_wconf 84' lang='lat' dir='ltr'>sed</span> <span class='ocrx_word' id='word_1_88' title='bbox 873 1223 1021 1272; x_wconf 85' lang='lat' dir='ltr'>multo</span> <span class='ocrx_word' id='word_1_89' title='bbox 1074 1224 1218 1290; x_wconf 83' lang='lat' dir='ltr'>magis</span> <span class='ocrx_word' id='word_1_90' title='bbox 1254 1233 1545 1271; x_wconf 73' lang='lat' dir='ltr'>caeterorum</span> 
     </span>
     <span class='ocr_line' id='line_1_14' title="bbox 232 1309 1543 1377; baseline -0.002 -19"><span class='ocrx_word' id='word_1_91' title='bbox 232 1313 408 1359; x_wconf 81' lang='lat' dir='ltr'>ieiunio</span> <span class='ocrx_word' id='word_1_92' title='bbox 435 1350 449 1372; x_wconf 84' lang='lat'>‚</span> <span class='ocrx_word' id='word_1_93' title='bbox 488 1311 842 1377; x_wconf 82' lang='lat' dir='ltr'>necessitatique</span> <span class='ocrx_word' id='word_1_94' title='bbox 877 1309 1243 1357; x_wconf 82' lang='lat' dir='ltr'>succurrendum</span> <span class='ocrx_word' id='word_1_95' title='bbox 1264 1345 1278 1370; x_wconf 90' lang='lat'>,</span> <span class='ocrx_word' id='word_1_96' title='bbox 1316 1311 1400 1375; x_wconf 83' lang='lat' dir='ltr'>qui</span> <span class='ocrx_word' id='word_1_97' title='bbox 1437 1309 1543 1374; x_wconf 83' lang='lat' dir='ltr'>plu-</span> 
     </span>
     <span class='ocr_line' id='line_1_15' title="bbox 231 1395 1543 1459; baseline -0.001 -15"><span class='ocrx_word' id='word_1_98' title='bbox 231 1415 306 1445; x_wconf 86' lang='lat' dir='ltr'>res</span> <span class='ocrx_word' id='word_1_99' title='bbox 343 1399 440 1444; x_wconf 87' lang='lat' dir='ltr'>sine</span> <span class='ocrx_word' id='word_1_100' title='bbox 474 1397 620 1445; x_wconf 81' lang='lat' dir='ltr'>dubio</span> <span class='ocrx_word' id='word_1_101' title='bbox 672 1406 814 1455; x_wconf 80' lang='lat' dir='ltr'>sunt,</span> <span class='ocrx_word' id='word_1_102' title='bbox 852 1405 896 1443; x_wconf 79' lang='lat' dir='ltr'>et</span> <span class='ocrx_word' id='word_1_103' title='bbox 932 1395 1023 1444; x_wconf 82' lang='lat' dir='ltr'>cibi</span> <span class='ocrx_word' id='word_1_104' title='bbox 1077 1395 1413 1459; x_wconf 77' lang='lat' dir='ltr'>appetentiores</span> <span class='ocrx_word' id='word_1_105' title='bbox 1465 1411 1543 1443; x_wconf 89' lang='lat' dir='ltr'>oc-</span> 
     </span>
     <span class='ocr_line' id='line_1_16' title="bbox 233 1490 445 1529; baseline 0 -1"><span class='ocrx_word' id='word_1_106' title='bbox 233 1490 445 1529; x_wconf 81' lang='lat' dir='ltr'>currunt.</span> 
     </span>
    </p>

    <p class='ocr_par' dir='ltr' id='par_1_3' title="bbox 225 1565 1542 1961">
     <span class='ocr_line' id='line_1_17' title="bbox 302 1565 1539 1635; baseline -0.002 -21"><span class='ocrx_word' id='word_1_107' title='bbox 302 1569 475 1614; x_wconf 83' lang='lat' dir='ltr'>Parum</span> <span class='ocrx_word' id='word_1_108' title='bbox 511 1567 693 1616; x_wconf 76' lang='lat' dir='ltr'>facessit</span> <span class='ocrx_word' id='word_1_109' title='bbox 727 1568 904 1635; x_wconf 77' lang='lat' dir='ltr'>negotii</span> <span class='ocrx_word' id='word_1_110' title='bbox 925 1604 939 1627; x_wconf 77' lang='grc'><em>,</em></span> <span class='ocrx_word' id='word_1_111' title='bbox 978 1566 1106 1632; x_wconf 87' lang='lat' dir='ltr'>quod</span> <span class='ocrx_word' id='word_1_112' title='bbox 1146 1569 1385 1632; x_wconf 77' lang='lat' dir='ltr'>sequitur,</span> <span class='ocrx_word' id='word_1_113' title='bbox 1412 1565 1539 1613; x_wconf 81' lang='lat' dir='ltr'>Mar-</span> 
     </span>
     <span class='ocr_line' id='line_1_18' title="bbox 231 1653 1537 1717; baseline -0.002 -17"><span class='ocrx_word' id='word_1_114' title='bbox 231 1671 334 1700; x_wconf 66' lang='lat' dir='ltr'>mor</span> <span class='ocrx_word' id='word_1_115' title='bbox 386 1654 668 1701; x_wconf 82' lang='lat' dir='ltr'>Theatinum</span> <span class='ocrx_word' id='word_1_116' title='bbox 697 1691 709 1711; x_wconf 85' lang='lat'><strong>‚</strong></span> <span class='ocrx_word' id='word_1_117' title='bbox 749 1653 1069 1717; x_wconf 76' lang='lat' dir='ltr'>descriptum,</span> <span class='ocrx_word' id='word_1_118' title='bbox 1123 1653 1537 1717; x_wconf 81' lang='lat' dir='ltr'>transmissumque</span> 
     </span>
     <span class='ocr_line' id='line_1_19' title="bbox 230 1738 1542 1805; baseline -0.001 -19"><span class='ocrx_word' id='word_1_119' title='bbox 230 1742 362 1786; x_wconf 83' lang='lat' dir='ltr'>nobis</span> <span class='ocrx_word' id='word_1_120' title='bbox 402 1758 550 1805; x_wconf 84' lang='lat' dir='ltr'>nuper</span> <span class='ocrx_word' id='word_1_121' title='bbox 585 1759 609 1786; x_wconf 86' lang='lat' dir='ltr'>a</span> <span class='ocrx_word' id='word_1_122' title='bbox 645 1739 759 1787; x_wconf 86' lang='lat' dir='ltr'>Viro</span> <span class='ocrx_word' id='word_1_123' title='bbox 793 1739 1012 1796; x_wconf 85' lang='lat' dir='ltr'>erudito,</span> <span class='ocrx_word' id='word_1_124' title='bbox 1051 1739 1307 1803; x_wconf 84' lang='lat' dir='ltr'>nostrique·</span> <span class='ocrx_word' id='word_1_125' title='bbox 1328 1738 1542 1785; x_wconf 83' lang='lat' dir='ltr'>amantis-</span> 
     </span>
     <span class='ocr_line' id='line_1_20' title="bbox 229 1822 1537 1887; baseline 0.001 -18"><span class='ocrx_word' id='word_1_126' title='bbox 229 1826 348 1871; x_wconf 86' lang='lat' dir='ltr'>simo</span> <span class='ocrx_word' id='word_1_127' title='bbox 373 1863 385 1883; x_wconf 83' lang='lat'>‚</span> <span class='ocrx_word' id='word_1_128' title='bbox 426 1825 644 1873; x_wconf 79' lang='lat' dir='ltr'>Januario</span> <span class='ocrx_word' id='word_1_129' title='bbox 668 1825 883 1876; x_wconf 83' lang='lat' dir='ltr'>Ravizza.</span> <span class='ocrx_word' id='word_1_130' title='bbox 912 1822 1009 1871; x_wconf 86' lang='lat' dir='ltr'>Sed</span> <span class='ocrx_word' id='word_1_131' title='bbox 1044 1823 1274 1887; x_wconf 80' lang='lat' dir='ltr'>quaedam</span> <span class='ocrx_word' id='word_1_132' title='bbox 1311 1823 1421 1870; x_wconf 84' lang='lat' dir='ltr'>inde</span> <span class='ocrx_word' id='word_1_133' title='bbox 1455 1823 1537 1870; x_wconf 82' lang='lat' dir='ltr'>ad-</span> 
     </span>
     <span class='ocr_line' id='line_1_21' title="bbox 225 1908 1539 1961; baseline 0.001 -6"><span class='ocrx_word' id='word_1_134' title='bbox 225 1910 421 1956; x_wconf 81' lang='lat' dir='ltr'>notandi</span> <span class='ocrx_word' id='word_1_135' title='bbox 469 1913 648 1959; x_wconf 83' lang='lat' dir='ltr'>occasio</span> <span class='ocrx_word' id='word_1_136' title='bbox 683 1912 760 1959; x_wconf 80' lang='lat' dir='ltr'>fiet</span> <span class='ocrx_word' id='word_1_137' title='bbox 796 1912 907 1961; x_wconf 85' lang='lat' dir='ltr'>viris</span> <span class='ocrx_word' id='word_1_138' title='bbox 943 1908 1138 1957; x_wconf 83' lang='lat' dir='ltr'>eruditis</span> <span class='ocrx_word' id='word_1_139' title='bbox 1197 1909 1387 1957; x_wconf 76' lang='lat' dir='ltr'>fortasse</span> <span class='ocrx_word' id='word_1_140' title='bbox 1442 1926 1539 1956; x_wconf 88' lang='lat' dir='ltr'>non</span> 
     </span>
    </p>
   </div>
   <div class='ocr_carea' id='block_1_3' title="bbox 227 1995 500 2044">
    <p class='ocr_par' dir='ltr' id='par_1_4' title="bbox 227 1995 500 2044">
     <span class='ocr_line' id='line_1_22' title="bbox 227 1995 500 2044; baseline 0.011 -3"><span class='ocrx_word' id='word_1_141' title='bbox 227 1995 500 2044; x_wconf 71' lang='lat' dir='ltr'>iniucunda.</span> 
     </span>
    </p>
   </div>
  </div>
 </body>
</html>
