1633 2802
229 179 296 230 58

296 267 355 314 In
390 264 572 314 duobus
606 266 814 334 peccavit
838 265 1049 333 Scalptor
1074 266 1297 317 levissimi
1322 282 1541 315 momen-

226 352 283 400 ti.
323 351 377 399 In
431 371 550 403 vers.
600 371 643 399 1.
683 352 997 418 Sartoplzagi
1056 371 1140 420 pro
1193 351 1536 418 Sarcoplzagi.

225 439 284 486 In
324 455 460 486 versu
500 437 547 485 3.
588 437 776 484 ARAT.
816 455 900 502 pro
935 437 992 484 A.
1024 438 1173 484 RAT.
1203 438 1374 504 Agitur
1411 438 1538 484 enim

225 523 286 570 de
321 523 563 570 Adiutore
591 521 898 570 Tabularum
923 538 958 569 a
983 524 1258 571 rationibus
1281 559 1292 578 ,
1322 522 1410 568 nisi
1449 523 1540 568 for-

225 618 272 656 te
310 625 461 656 sermo
495 608 556 656 sit
590 606 650 656 de
686 607 960 656 rationibus
995 613 1265 669 aratoriis,
1302 608 1429 672 quod
1457 624 1542 654 nec

225 695 486 755 affirmare,
547 712 631 741 nec
689 695 1003 760 impugnare,
1046 703 1114 740 est
1166 695 1365 742 animus.
1406 695 1541 742 Arria

231 781 374 846 igitur
408 779 578 826 Rufina
613 789 836 844 nupserat
871 787 979 826 ante
1017 779 1214 827 Veturio
1233 781 1412 837 Felici:
1451 782 1538 829 hoc

223 867 317 914 vita
352 866 509 912 functo
538 903 552 927 ,
591 864 802 912 eamdem
839 866 1027 914 sortitus
1081 875 1149 912 est
1188 864 1539 915 Contuberna-

223 954 317 1000 lem
351 950 512 1012 Felix,
563 950 766 1017 Aug-usti
802 949 1051 1010 Libertus.
1092 953 1175 1016 qui
1199 951 1286 999 hac
1311 951 1370 1000 de
1407 970 1541 999 caus·

222 1056 267 1085 sa
306 1047 609 1088 structuram
645 1055 752 1084 cum
789 1039 1046 1084 munitam
1071 1038 1178 1085 fecit
1212 1037 1536 1103 sarcophago

226 1125 406 1171 Veturii
443 1123 627 1171 Felicis.
655 1124 808 1188 Atque
834 1124 948 1172 haee
973 1125 1181 1172 obtinere
1206 1126 1333 1191 apud
1353 1143 1532 1189 omneS‚

227 1229 433 1277 aequum
479 1219 561 1257 est.
601 1209 933 1258 Difficultatem
986 1212 1208 1277 ingerunt
1259 1212 1540 1279 singulariae

220 1298 272 1345 P.
314 1299 368 1344 Ρ.
409 1297 558 1344 lineae
597 1314 641 1343 2.

291 1384 495 1431 Smetius
531 1381 688 1430 reddit
724 1382 927 1430 Patrem
962 1382 1197 1430 Parentis
1223 1418 1237 1441 ,
1277 1382 1404 1446 quod
1440 1381 1534 1446 pla—

223 1489 281 1518 ne
318 1469 643 1525 arbitrarium,
665 1476 802 1532 atque
840 1483 1023 1514 οιτοπον.
1067 1466 1432 1532 Hagenbuchius
1458 1485 1535 1514 co·

223 1565 336 1603 natu
372 1555 627 1621 gigantaeo.
651 1551 869 1600 transfert
904 1551 966 1598 ad
1000 1552 1187 1599 initium
1238 1551 1390 1600 lineae
1428 1569 1535 1618 pro-

223 1646 348 1691 xime
386 1642 621 1708 sequentis
645 1678 655 1698 ‚
696 1640 939 1706 legitque:
980 1638 1035 1685 P.
1076 1639 1131 1684 P.
1160 1637 1383 1686 ADIVT.
1424 1636 1534 1685 ΤΑ-

223 1731 365 1776 BVL.
405 1728 463 1774 A.
505 1727 668 1784 RAT;
710 1727 1062 1790 Praepositum
1108 1741 1276 1791 nempe
1324 1725 1538 1772 Adiuto-

223 1837 321 1866 rem
362 1814 669 1862 Tabulas-mn
705 1831 737 1859 α
774 1811 1067 1860 rationibus.
1108 1810 1170 1856 At
1204 1811 1396 1858 sanioris
1434 1811 1533 1859 siue

222 1903 369 1952 ,dubio
406 1900 586 1947 consilii
623 1897 844 1955 videtur,
886 1896 1004 1945 nihil
1060 1898 1282 1946 innovare
1307 1935 1321 1957 ,
1360 1907 1405 1946 et
1441 1899 1532 1944 sin-

222 1988 421 2054 gularias
459 1987 515 2032 P.
554 1986 608 2032 P.
650 2003 744 2050 pro
792 1990 978 2051 pietate
1030 1985 1356 2049 interpretari,
1398 1986 1533 2032 cuius

223 2075 409 2139 pietatis
448 2089 630 2119 caussae
665 2071 832 2118 Felicis
887 2089 995 2137 erga
1031 2069 1284 2117 Veturium
1339 2070 1448 2115 satis
1486 2070 1530 2115 in

228 2159 368 2206 titulo
403 2159 681 2204 insinuatae.
723 2157 864 2204 Nunc
889 2174 994 2203 cum
1021 2155 1094 2202 Cl.
1124 2154 1340 2202 Danielio
1375 2164 1532 2202 nostro

226 2247 338 2294 levis
362 2284 373 2303 ‚
414 2253 458 2290 et
494 2246 641 2291 amica
679 2243 910 2291 velitatio.
950 2243 1158 2290 Marmor
1182 2241 1262 2289 ille
1285 2239 1426 2288 refert
1453 2239 1534 2306 (1)

230 2332 358 2399 quod
393 2331 456 2376 ita
492 2347 538 2377 se
575 2329 742 2377 habet:
804 2356 807 2357 ⁷

336 2416 398 2470 (ι)
433 2415 631 2453 Nmnism.
670 2415 775 2466 Cap.
810 2428 852 2467 p.
888 2412 954 2466 78.
