1633 2802
213 195 280 246 60

281 281 359 329 Ad
395 281 532 329 finem
568 280 718 328 lineae
754 282 802 330 6.
845 288 973 346 parte
1009 280 1200 329 dextera
1248 280 1319 328 vir
1356 278 1521 329 doctus

211 387 297 434 pro
332 367 420 416 SM
455 367 534 414 dat
573 367 669 414 ZM
698 405 712 427 ‚
760 368 1058 433 ingenueque
1115 369 1361 433 profitetur
1389 405 1403 427 ,
1441 383 1525 413 ne-

213 455 331 502 scire
365 471 413 500 se
435 490 449 512 ,
487 453 605 519 quid
640 453 753 501 haec
789 453 879 499 sibi
925 453 1090 501 velint.
1132 456 1279 503 Nobis
1337 473 1524 520 persua-

1281 541 1528 607 gnorantia

214 625 451 690 irrepsisse
485 625 517 672 S
556 626 704 672 forma
738 625 920 674 inversa
956 623 1009 685 S,
1051 625 1183 690 quod
1229 629 1332 693 typi
1369 634 1529 676 vetant

212 711 420 759 fideliter
457 710 679 758 exhibere
707 748 721 770 ,
758 709 1107 778 legendumque
1142 710 1195 757 S.
1237 712 1291 758 M
1314 729 1361 767 ·,-.,-’
1388 714 1532 762 Scri-

214 557 323 587 sum
360 548 446 600 est,
484 539 769 605 quadratarii
812 539 1095 604 supini-tate,
1134 550 1213 587 aut
1264 541 1276 585 i

207 801 285 866 pti
321 795 570 861 filagistri.
623 795 686 844 At
720 813 805 843 cur
847 813 948 844 non
994 795 1048 844 S.
1098 795 1150 844 S.
1201 796 1326 844 idest
1377 816 1534 863 supra

219 885 447 948 scripti?
503 881 633 947 quod
667 900 759 930 non
797 881 964 950 infra,
1026 882 1111 929 sed
1145 883 1534 930 continenter’ad

215 968 339 1017 latus
374 969 520 1036 ipsius
555 968 705 1016 lineae
740 975 971 1016 notatum.
999 967 1166 1017 Statim
1203 969 1328 1017 enim
1362 971 1533 1034 postia

216 1054 336 1102 linea
395 1055 607 1120 sequenti
669 1054 924 1102 resumitur
961 1074 975 1103 ε
1038 1053 1290 1102 HEISCE.
1348 1054 1536 1103 MAGI-

219 1140 466 1190 STREIS.
535 1141 764 1201 Queritur
833 1142 949 1188 item
1001 1140 1073 1189 vir
1125 1141 1292 1188 doctus
1352 1140 1412 1189 de
1472 1142 1535 1189 A-

219 1228 390 1294 piano,
446 1228 574 1294 quod
627 1227 688 1274 acl
722 1228 865 1274 finem
899 1244 1063 1276 versus
1098 1227 1260 1274 ultimi
1299 1244 1384 1293 pro
1413 1227 1532 1277 COS

218 1314 454 1361 obiecerit.
495 1313 639 1377 CQF.
680 1315 742 1363 At
775 1315 837 1362 ita
871 1314 1009 1380 plane
1046 1314 1255 1362 Marmor
1288 1333 1335 1362 se
1370 1315 1530 1362 habet.

216 1399 471 1466 Plusquam
504 1409 660 1449 tamen
695 1400 793 1450 veri
817 1400 970 1448 simile
994 1399 1183 1450 videtur
1204 1438 1219 1461 ,
1258 1399 1309 1446 id
1332 1401 1534 1467 scalpto-

219 1486 285 1534 ris
321 1485 605 1554 negligentia
640 1486 892 1543 accidisse,
931 1486 1015 1552 qui
1050 1486 1100 1532 in
1134 1485 1222 1534 hoc
1255 1486 1409 1552 lapsus
1445 1494 1534 1549 est,

224 1582 278 1621 ut
312 1583 418 1621 ante
454 1574 503 1621 in
540 1574 688 1621 forma
723 1573 905 1622 inversa
941 1571 1100 1619 literae
1135 1571 1187 1619 S.

293 1659 473 1708 Galbae
509 1677 619 1708 cum
654 1659 711 1704 L.
752 1656 947 1705 Aurelio
1003 1656 1215 1723 Sulpicio
1249 1658 1531 1707 Consulatus

174 1806 175 1809 Ἰ
225 1746 394 1794 incidit
430 1746 479 1793 in
515 1763 572 1793 an
610 1746 672 1791 V.
713 1743 909 1792 C.·61o
940 1762 953 1802 ;
991 1745 1327 1809 marmorisque
1364 1746 1412 1792 in
1447 1745 1538 1793 hoc

229 1832 258 1884 ἡ
291 1845 567 1900 ορτογραφιοι
602 1832 853 1878 consentit.
893 1829 991 1878 Sed
1014 1831 1062 1877 in
1086 1829 1320 1878 Marmore
1346 1831 1534 1889 Marci,

221 1936 315 1965 non
354 1917 498 1967 Lucii
543 1935 828 1983 praenomen
879 1915 1070 1964 Aurelio
1108 1916 1348 1963 tribuitur.
1389 1916 1442 1965 Si
1478 1916 1539 1963 de

227 2004 526 2065 Quadratarii
560 2004 654 2052 fide
692 2011 944 2063 constaret,
984 2001 1114 2049 nulla
1148 2019 1230 2067 per
1274 2019 1359 2049 nos
1384 2020 1533 2063 mora,

226 2091 339 2156 quin
376 2089 626 2157 vulgatum
659 2090 796 2137 Lucii
814 2106 1092 2155 praenomen
1128 2087 1257 2153 apud
1294 2087 1540 2153 Fastogra-

225 2177 342 2244 phos
379 2176 654 2223 inMarcum
689 2175 1011 2223 recuderetur.
1070 2175 1318 2221 Caeterum
1370 2175 1543 2222 Marci

228 2279 512 2331 praenomen
549 2280 641 2309 una
677 2261 864 2310 Gruteri
901 2261 979 2328 (1)
1014 2260 1310 2328 inscriptione
1348 2278 1397 2309 se
1432 2260 1540 2308 hae·

346 2437 413 2491 (1)
440 2436 541 2488 Pag.
570 2435 664 2488 871.
703 2449 741 2474 n.
778 2449 817 2474 2.
