1633 2802
1277 248 1340 294 25

30 337 106 388 vio
143 336 259 402 (1),
299 333 548 398 Gellioque
601 329 700 396 (2).
742 330 870 380 Cam
922 335 1051 380 enim
1075 367 1088 391 ,
1134 332 1269 381 Urbe
1306 352 1340 381 a

31 424 193 473 Gallis
243 432 423 487 capta,
462 419 615 468 verbis
671 418 848 465 utimur
906 417 1133 468 EverarcL
1188 417 1338 466 Otho-

30 513 101 557 nis
136 507 241 574 (3),
284 508 524 558 Caeretes
561 504 729 556 Sacra
766 506 947 572 Populi
998 512 1234 565 romani,
1274 524 1340 556 ac

28 594 327 645 Sacerdotes
363 598 671 658 recepissent
690 630 705 653 ‚
741 592 940 660 publice
988 610 1100 641 cum
1152 597 1215 642 iis
1248 594 1333 642 lzo-

28 685 177 746 spitio
192 681 348 748 sacto
382 679 441 728 A.
481 679 544 728 V.
586 678 645 728 C.
682 677 1004 738 CCCLXIII;
1044 696 1340 729 concessum

25 780 97 819 est
119 805 134 828 ‚
170 777 227 816 ut
266 767 491 818 Civitatis
527 766 724 835 quidem
760 767 998 816 honorem
1054 779 1294 832 caperent
1320 806 1334 828 ‚

26 859 238 920 negotiis
272 864 440 905 tamen
462 856 634 915 iuxta,
671 866 824 923 atque
846 854 1079 904 oneribus
1115 867 1335 905 vacaret.

90 940 295 989 Marmor
331 950 543 990 nostrum
582 941 643 991 ad
677 941 885 990 Classem
921 942 1092 990 referas
1129 942 1341 1009 Operum

22 1026 319 1093 publicorum
343 1066 358 1090 ‚
394 1038 558 1095 utpote
593 1028 640 1075 in
678 1047 773 1096 quo
827 1028 888 1076 de
925 1027 1131 1078 Phetrio
1186 1030 1340 1097 agitur

20 1115 101 1163 abs
135 1114 278 1183 Ulpio
329 1115 535 1163 Vesbino
570 1115 909 1181 Augustalibus
943 1115 1212 1164 Caeretanis
1260 1134 1342 1164 ex-

22 1202 163 1250 citato
190 1239 206 1263 ,
244 1200 570 1270 dedicatoque.
609 1203 755 1263 Quod
793 1202 1047 1253 Phetrizcm
1084 1204 1235 1251 estin
1279 1206 1339 1251 ti-

25 1287 124 1336 tulo
143 1326 157 1348 ‚
194 1288 444 1338 Eustathio
479 1298 549 1337 est
583 1302 763 1354 φατριον
792 1327 806 1350 ,
843 1307 1014 1358 nempe
1076 1307 1213 1341 τοπος
1241 1329 1252 1348 ,
1294 1309 1340 1340 εν

22 1395 58 1437 φ
93 1375 133 1422 ὁι
168 1392 247 1428 της
271 1373 400 1430 &urus
421 1389 604 1445 versinus
629 1393 887 1432 ςυνηγοντο.
928 1376 1095 1427 Locus
1116 1415 1129 1438 ,
1168 1383 1219 1425 in
1242 1397 1340 1445 quo

24 1460 383 1511 conveniebant
401 1499 414 1520 ‚
452 1467 538 1529 qui
556 1463 802 1514 Phatriae
824 1475 986 1514 erant.
1014 1465 1190 1512 Inserto
1219 1473 1344 1529 post-

22 1547 224 1597 modum
263 1549 370 1598 voci
403 1549 512 1598 huic
547 1551 822 1599 rhotacismo
844 1587 859 1610 ‚
896 1551 959 1599 de
995 1551 1203 1602 Phetrio
1224 1590 1240 1612 .‚
1278 1553 1339 1600 si-

22 1656 82 1689 ve
117 1637 329 1687 Phatrio
347 1673 361 1696 ,
398 1639 589 1685 emersit
624 1638 912 1686 Phratrz‘on.
956 1637 1080 1685 Vide
1116 1637 1340 1685 Gutheri-

24 1741 109 1772 um
141 1722 235 1790 (4).
275 1722 427 1772 Tituli
465 1724 493 1778 ἦ
528 1722 810 1793 χρονολογια
845 1741 927 1790 per
983 1740 1030 1770 se
1078 1724 1231 1773 obvia.
1272 1725 1330 1772 L.

22 1809 257 1860 Publilius
291 1812 415 1860 enim
449 1810 614 1860 Celsus
669 1812 833 1858 iterato
883 1810 1057 1859 Consul
1115 1812 1339 1875 processit

24 1916 137 1947 uum
171 1897 229 1946 C.
268 1898 438 1948 Clodio
472 1899 689 1964 Crispino
725 1915 846 1946 anno
881 1897 941 1945 V.
983 1897 1038 1946 C.
1081 1895 1212 1957 8663
1253 1899 1336 1965 qui

25 1985 171 2034 Aerae
207 1984 351 2053 Vulg.
398 1985 511 2034 113.

133 2173 197 2229 (1)
224 2174 320 2217 Lib.
351 2177 404 2217 V.
437 2177 539 2228 Cap.
572 2176 621 2214 L.

136 2248 198 2302 (2)
229 2248 321 2290 Lib.
350 2248 466 2288 XVI.
500 2251 602 2303 Cap.
634 2247 749 2290 XIII.

137 2319 200 2373 (3)
227 2322 328 2362 Iliad
364 2325 423 2363 13·

140 2391 204 2445 (4)
234 2394 298 2434 De
329 2395 425 2435 Iure
455 2395 613 2447 Ponezf.
649 2408 742 2447 pag.
779 2406 868 2447 271.
