<?xml version="1.0" encoding="UTF-8"?>
<!DOCTYPE html PUBLIC "-//W3C//DTD XHTML 1.0 Transitional//EN"
    "http://www.w3.org/TR/xhtml1/DTD/xhtml1-transitional.dtd">
<html xmlns="http://www.w3.org/1999/xhtml" xml:lang="en" lang="en">
 <head>
  <title>
</title>
<meta http-equiv="Content-Type" content="text/html;charset=utf-8" />
  <meta name='ocr-system' content='tesseract 3.04.00' />
  <meta name='ocr-capabilities' content='ocr_page ocr_carea ocr_par ocr_line ocrx_word'/>
</head>
<body>
  <div class='ocr_page' id='page_1' title='image "./inselectaquaedam00guar_0090.png"; bbox 0 0 1633 2802; ppageno 0'>
   <div class='ocr_carea' id='block_1_1' title="bbox 224 199 1558 2229">
    <p class='ocr_par' dir='ltr' id='par_1_1' title="bbox 241 199 303 246">
     <span class='ocr_line' id='line_1_1' title="bbox 241 199 303 246; baseline 0.048 -3"><span class='ocrx_word' id='word_1_1' title='bbox 241 199 303 246; x_wconf 72' lang='lat'><strong>32</strong></span> 
     </span>
    </p>

    <p class='ocr_par' dir='ltr' id='par_1_2' title="bbox 236 280 1554 1128">
     <span class='ocr_line' id='line_1_2' title="bbox 308 280 1552 347; baseline 0 -17"><span class='ocrx_word' id='word_1_2' title='bbox 308 281 385 330; x_wconf 89' lang='lat' dir='ltr'><strong>Ad</strong></span> <span class='ocrx_word' id='word_1_3' title='bbox 424 291 626 347; x_wconf 80' lang='lat' dir='ltr'><strong>tempora</strong></span> <span class='ocrx_word' id='word_1_4' title='bbox 665 280 913 330; x_wconf 81' lang='lat' dir='ltr'><strong>Tiberiana</strong></span> <span class='ocrx_word' id='word_1_5' title='bbox 950 282 1174 347; x_wconf 81' lang='lat' dir='ltr'>respicere</span> <span class='ocrx_word' id='word_1_6' title='bbox 1223 280 1430 329; x_wconf 87' lang='lat' dir='ltr'><strong>videtur.</strong></span> <span class='ocrx_word' id='word_1_7' title='bbox 1473 282 1552 330; x_wconf 85' lang='lat' dir='ltr'><strong>Li-</strong></span> 
     </span>
     <span class='ocr_line' id='line_1_3' title="bbox 241 367 1551 435; baseline -0.002 -17"><span class='ocrx_word' id='word_1_8' title='bbox 241 387 350 418; x_wconf 80' lang='lat' dir='ltr'><strong>men</strong></span> <span class='ocrx_word' id='word_1_9' title='bbox 386 385 639 433; x_wconf 76' lang='lat' dir='ltr'><strong>cognomen</strong></span> <span class='ocrx_word' id='word_1_10' title='bbox 676 367 855 414; x_wconf 81' lang='lat' dir='ltr'>Liberti</span> <span class='ocrx_word' id='word_1_11' title='bbox 892 368 1146 433; x_wconf 76' lang='lat' dir='ltr'><strong>Augustaei</strong></span> <span class='ocrx_word' id='word_1_12' title='bbox 1174 404 1185 424; x_wconf 89' lang='lat'><strong>‚</strong></span> <span class='ocrx_word' id='word_1_13' title='bbox 1226 386 1320 434; x_wconf 81' lang='lat' dir='ltr'><strong>quo</strong></span> <span class='ocrx_word' id='word_1_14' title='bbox 1372 368 1551 435; x_wconf 81' lang='lat' dir='ltr'><strong>gaude-</strong></span> 
     </span>
     <span class='ocr_line' id='line_1_4' title="bbox 239 453 1553 513; baseline 0 -11"><span class='ocrx_word' id='word_1_15' title='bbox 239 458 319 502; x_wconf 82' lang='lat' dir='ltr'><strong>bat</strong></span> <span class='ocrx_word' id='word_1_16' title='bbox 371 458 566 502; x_wconf 81' lang='lat' dir='ltr'><strong>nomine</strong></span> <span class='ocrx_word' id='word_1_17' title='bbox 590 491 602 512; x_wconf 83' lang='lat'>‚</span> <span class='ocrx_word' id='word_1_18' title='bbox 641 453 757 499; x_wconf 87' lang='lat' dir='ltr'><strong>dum</strong></span> <span class='ocrx_word' id='word_1_19' title='bbox 811 454 1082 501; x_wconf 81' lang='lat' dir='ltr'><strong>servitutem</strong></span> <span class='ocrx_word' id='word_1_20' title='bbox 1139 455 1368 513; x_wconf 82' lang='lat' dir='ltr'><strong>serviret,</strong></span> <span class='ocrx_word' id='word_1_21' title='bbox 1406 473 1462 501; x_wconf 85' lang='lat' dir='ltr'><strong>ex</strong></span> <span class='ocrx_word' id='word_1_22' title='bbox 1499 471 1553 502; x_wconf 89' lang='lat' dir='ltr'><strong>eo</strong></span> 
     </span>
     <span class='ocr_line' id='line_1_5' title="bbox 241 537 1553 603; baseline -0.002 -15"><span class='ocrx_word' id='word_1_23' title='bbox 241 543 428 589; x_wconf 82' lang='lat' dir='ltr'><strong>fortasse</strong></span> <span class='ocrx_word' id='word_1_24' title='bbox 454 578 466 599; x_wconf 81' lang='lat'>,</span> <span class='ocrx_word' id='word_1_25' title='bbox 506 537 638 603; x_wconf 86' lang='lat' dir='ltr'><strong>quod</strong></span> <span class='ocrx_word' id='word_1_26' title='bbox 675 539 881 587; x_wconf 77' lang='lat' dir='ltr'><em>Liminis</em></span> <span class='ocrx_word' id='word_1_27' title='bbox 920 538 1134 586; x_wconf 73' lang='lat' dir='ltr'><strong>custodia</strong></span> <span class='ocrx_word' id='word_1_28' title='bbox 1195 538 1473 586; x_wconf 77' lang='lat' dir='ltr'><strong>demandata</strong></span> <span class='ocrx_word' id='word_1_29' title='bbox 1509 540 1553 586; x_wconf 86' lang='lat' dir='ltr'><strong>ei</strong></span> 
     </span>
     <span class='ocr_line' id='line_1_6' title="bbox 240 623 1552 691; baseline -0.002 -16"><span class='ocrx_word' id='word_1_30' title='bbox 240 629 403 675; x_wconf 84' lang='lat' dir='ltr'><strong>fuerat.</strong></span> <span class='ocrx_word' id='word_1_31' title='bbox 443 625 585 673; x_wconf 82' lang='lat' dir='ltr'><strong>Aedis</strong></span> <span class='ocrx_word' id='word_1_32' title='bbox 624 642 836 671; x_wconf 82' lang='lat' dir='ltr'><strong>mensura</strong></span> <span class='ocrx_word' id='word_1_33' title='bbox 872 633 971 671; x_wconf 81' lang='lat' dir='ltr'><strong>aeta</strong></span> <span class='ocrx_word' id='word_1_34' title='bbox 1005 643 1086 690; x_wconf 88' lang='lat' dir='ltr'><strong>per</strong></span> <span class='ocrx_word' id='word_1_35' title='bbox 1121 626 1264 691; x_wconf 86' lang='lat' dir='ltr'><strong>pedes</strong></span> <span class='ocrx_word' id='word_1_36' title='bbox 1289 623 1407 671; x_wconf 87' lang='lat' dir='ltr'><strong>XIV</strong></span> <span class='ocrx_word' id='word_1_37' title='bbox 1443 643 1552 673; x_wconf 87' lang='lat' dir='ltr'><strong>cum</strong></span> 
     </span>
     <span class='ocr_line' id='line_1_7' title="bbox 239 710 1548 777; baseline -0.002 -17"><span class='ocrx_word' id='word_1_38' title='bbox 239 715 426 760; x_wconf 77' lang='lat' dir='ltr'><strong>semisse</strong></span> <span class='ocrx_word' id='word_1_39' title='bbox 463 713 511 759; x_wconf 86' lang='lat' dir='ltr'><strong>in</strong></span> <span class='ocrx_word' id='word_1_40' title='bbox 548 729 659 777; x_wconf 83' lang='lat' dir='ltr'><strong>agro</strong></span> <span class='ocrx_word' id='word_1_41' title='bbox 684 749 697 768; x_wconf 81' lang='lat'>‚</span> <span class='ocrx_word' id='word_1_42' title='bbox 735 710 859 757; x_wconf 81' lang='lat' dir='ltr'>XIII</span> <span class='ocrx_word' id='word_1_43' title='bbox 914 728 1018 758; x_wconf 86' lang='lat' dir='ltr'><strong>cum</strong></span> <span class='ocrx_word' id='word_1_44' title='bbox 1071 712 1256 758; x_wconf 81' lang='lat' dir='ltr'><strong>semisse</strong></span> <span class='ocrx_word' id='word_1_45' title='bbox 1293 713 1340 758; x_wconf 86' lang='lat' dir='ltr'><strong>in</strong></span> <span class='ocrx_word' id='word_1_46' title='bbox 1378 712 1548 761; x_wconf 83' lang='lat' dir='ltr'><strong>fronte.</strong></span> 
     </span>
     <span class='ocr_line' id='line_1_8' title="bbox 237 798 1550 864; baseline 0.002 -20"><span class='ocrx_word' id='word_1_47' title='bbox 237 799 480 864; x_wconf 83' lang='lat' dir='ltr'><strong>Insumpta</strong></span> <span class='ocrx_word' id='word_1_48' title='bbox 539 798 585 843; x_wconf 90' lang='lat' dir='ltr'><strong>in</strong></span> <span class='ocrx_word' id='word_1_49' title='bbox 646 798 767 845; x_wconf 85' lang='lat' dir='ltr'><strong>hanc</strong></span> <span class='ocrx_word' id='word_1_50' title='bbox 820 799 998 846; x_wconf 86' lang='lat' dir='ltr'><strong>Aedem</strong></span> <span class='ocrx_word' id='word_1_51' title='bbox 1061 798 1158 845; x_wconf 87' lang='lat' dir='ltr'><strong>HS.</strong></span> <span class='ocrx_word' id='word_1_52' title='bbox 1202 798 1266 845; x_wconf 91' lang='lat' dir='ltr'><strong>N.</strong></span> <span class='ocrx_word' id='word_1_53' title='bbox 1308 799 1550 860; x_wconf 71' lang='grc' dir='ltr'>448οοο;</span> 
     </span>
     <span class='ocr_line' id='line_1_9' title="bbox 237 885 1554 950; baseline 0.002 -18"><span class='ocrx_word' id='word_1_54' title='bbox 237 903 379 950; x_wconf 80' lang='lat' dir='ltr'><strong>quam</strong></span> <span class='ocrx_word' id='word_1_55' title='bbox 416 902 646 933; x_wconf 87' lang='lat' dir='ltr'><strong>summam</strong></span> <span class='ocrx_word' id='word_1_56' title='bbox 682 902 767 950; x_wconf 89' lang='lat' dir='ltr'><strong>pro</strong></span> <span class='ocrx_word' id='word_1_57' title='bbox 825 896 923 933; x_wconf 85' lang='lat' dir='ltr'><strong>rata</strong></span> <span class='ocrx_word' id='word_1_58' title='bbox 958 885 1261 933; x_wconf 81' lang='lat' dir='ltr'><strong>Libertorum</strong></span> <span class='ocrx_word' id='word_1_59' title='bbox 1284 924 1300 945; x_wconf 86' lang='lat'>‚</span> <span class='ocrx_word' id='word_1_60' title='bbox 1338 887 1554 935; x_wconf 83' lang='lat' dir='ltr'><strong>Liberta-</strong></span> 
     </span>
     <span class='ocr_line' id='line_1_10' title="bbox 236 971 1551 1037; baseline 0.001 -18"><span class='ocrx_word' id='word_1_61' title='bbox 236 990 437 1037; x_wconf 81' lang='lat' dir='ltr'><strong>rumque</strong></span> <span class='ocrx_word' id='word_1_62' title='bbox 456 972 667 1020; x_wconf 80' lang='lat' dir='ltr'><strong>Liminis</strong></span> <span class='ocrx_word' id='word_1_63' title='bbox 692 973 922 1037; x_wconf 83' lang='lat' dir='ltr'><strong>accepisse</strong></span> <span class='ocrx_word' id='word_1_64' title='bbox 939 971 1129 1018; x_wconf 84' lang='lat' dir='ltr'><strong>videtur</strong></span> <span class='ocrx_word' id='word_1_65' title='bbox 1154 975 1232 1022; x_wconf 90' lang='lat' dir='ltr'><strong>Ti.</strong></span> <span class='ocrx_word' id='word_1_66' title='bbox 1261 975 1413 1021; x_wconf 83' lang='lat' dir='ltr'><strong>Iulius</strong></span> <span class='ocrx_word' id='word_1_67' title='bbox 1439 973 1551 1021; x_wconf 82' lang='lat' dir='ltr'><strong>Dio-</strong></span> 
     </span>
     <span class='ocr_line' id='line_1_11' title="bbox 239 1058 1550 1128; baseline 0.003 -22"><span class='ocrx_word' id='word_1_68' title='bbox 239 1060 332 1107; x_wconf 83' lang='lat' dir='ltr'><strong>cles</strong></span> <span class='ocrx_word' id='word_1_69' title='bbox 349 1097 362 1119; x_wconf 86' lang='lat'>,</span> <span class='ocrx_word' id='word_1_70' title='bbox 390 1060 473 1125; x_wconf 84' lang='lat' dir='ltr'><strong>qui</strong></span> <span class='ocrx_word' id='word_1_71' title='bbox 497 1061 714 1107; x_wconf 88' lang='lat' dir='ltr'><strong>omnium</strong></span> <span class='ocrx_word' id='word_1_72' title='bbox 734 1096 750 1118; x_wconf 81' lang='lat'>,</span> <span class='ocrx_word' id='word_1_73' title='bbox 787 1058 995 1107; x_wconf 78' lang='lat' dir='ltr'><strong>Liminis</strong></span> <span class='ocrx_word' id='word_1_74' title='bbox 1019 1060 1202 1107; x_wconf 87' lang='lat' dir='ltr'><strong>nomine</strong></span> <span class='ocrx_word' id='word_1_75' title='bbox 1222 1098 1235 1120; x_wconf 84' lang='lat'><strong>‚</strong></span> <span class='ocrx_word' id='word_1_76' title='bbox 1256 1077 1415 1109; x_wconf 82' lang='lat' dir='ltr'><strong>curam</strong></span> <span class='ocrx_word' id='word_1_77' title='bbox 1439 1062 1550 1128; x_wconf 81' lang='lat' dir='ltr'><strong>egit.</strong></span> 
     </span>
    </p>

    <p class='ocr_par' dir='ltr' id='par_1_3' title="bbox 228 1144 1558 1643">
     <span class='ocr_line' id='line_1_12' title="bbox 307 1144 1557 1209; baseline 0.004 -20"><span class='ocrx_word' id='word_1_78' title='bbox 307 1144 666 1209; x_wconf 85' lang='lat' dir='ltr'><strong>Inscriptionem</strong></span> <span class='ocrx_word' id='word_1_79' title='bbox 702 1144 897 1192; x_wconf 81' lang='lat' dir='ltr'><strong>alteram</strong></span> <span class='ocrx_word' id='word_1_80' title='bbox 935 1144 995 1190; x_wconf 80' lang='lat' dir='ltr'><strong>de</strong></span> <span class='ocrx_word' id='word_1_81' title='bbox 1015 1144 1212 1192; x_wconf 82' lang='lat' dir='ltr'><strong>Danielii</strong></span> <span class='ocrx_word' id='word_1_82' title='bbox 1237 1146 1398 1193; x_wconf 86' lang='lat' dir='ltr'><strong>Museo</strong></span> <span class='ocrx_word' id='word_1_83' title='bbox 1434 1146 1557 1194; x_wconf 87' lang='lat' dir='ltr'><strong>mili-</strong></span> 
     </span>
     <span class='ocr_line' id='line_1_13' title="bbox 237 1229 1555 1296; baseline 0.002 -19"><span class='ocrx_word' id='word_1_84' title='bbox 237 1231 410 1278; x_wconf 79' lang='lat' dir='ltr'><strong>taribus</strong></span> <span class='ocrx_word' id='word_1_85' title='bbox 446 1230 796 1287; x_wconf 68' lang='lat' dir='ltr'><strong>accensenddm‚</strong></span> <span class='ocrx_word' id='word_1_86' title='bbox 818 1229 942 1277; x_wconf 85' lang='lat' dir='ltr'><strong>nulla</strong></span> <span class='ocrx_word' id='word_1_87' title='bbox 980 1231 1180 1277; x_wconf 83' lang='lat' dir='ltr'><strong>instituti</strong></span> <span class='ocrx_word' id='word_1_88' title='bbox 1219 1233 1369 1296; x_wconf 86' lang='lat' dir='ltr'><strong>operis</strong></span> <span class='ocrx_word' id='word_1_89' title='bbox 1393 1250 1555 1280; x_wconf 88' lang='lat' dir='ltr'><strong>neces-</strong></span> 
     </span>
     <span class='ocr_line' id='line_1_14' title="bbox 233 1316 1550 1377; baseline 0 -12"><span class='ocrx_word' id='word_1_90' title='bbox 233 1320 385 1377; x_wconf 79' lang='lat' dir='ltr'><strong>sitate,</strong></span> <span class='ocrx_word' id='word_1_91' title='bbox 414 1318 464 1364; x_wconf 83' lang='lat' dir='ltr'><strong>in</strong></span> <span class='ocrx_word' id='word_1_92' title='bbox 488 1316 705 1364; x_wconf 88' lang='lat' dir='ltr'><strong>medium</strong></span> <span class='ocrx_word' id='word_1_93' title='bbox 732 1316 1012 1364; x_wconf 82' lang='lat' dir='ltr'><strong>adducimus</strong></span> <span class='ocrx_word' id='word_1_94' title='bbox 1034 1353 1044 1369; x_wconf 72' lang='grc'>,</span> <span class='ocrx_word' id='word_1_95' title='bbox 1069 1317 1151 1364; x_wconf 91' lang='lat' dir='ltr'><strong>sed</strong></span> <span class='ocrx_word' id='word_1_96' title='bbox 1175 1317 1262 1363; x_wconf 84' lang='lat' dir='ltr'><strong>hac</strong></span> <span class='ocrx_word' id='word_1_97' title='bbox 1288 1336 1379 1366; x_wconf 85' lang='lat' dir='ltr'><strong>una</strong></span> <span class='ocrx_word' id='word_1_98' title='bbox 1404 1319 1550 1365; x_wconf 85' lang='lat' dir='ltr'><strong>ratio-</strong></span> 
     </span>
     <span class='ocr_line' id='line_1_15' title="bbox 230 1402 1558 1468; baseline 0.003 -20"><span class='ocrx_word' id='word_1_99' title='bbox 230 1420 290 1449; x_wconf 87' lang='lat' dir='ltr'><strong>ne</strong></span> <span class='ocrx_word' id='word_1_100' title='bbox 324 1402 505 1450; x_wconf 86' lang='lat' dir='ltr'><strong>iuducti</strong></span> <span class='ocrx_word' id='word_1_101' title='bbox 545 1441 557 1461; x_wconf 87' lang='lat'>,</span> <span class='ocrx_word' id='word_1_102' title='bbox 596 1411 647 1449; x_wconf 85' lang='lat' dir='ltr'><strong>ut</strong></span> <span class='ocrx_word' id='word_1_103' title='bbox 683 1402 826 1461; x_wconf 82' lang='lat' dir='ltr'><strong>inde,</strong></span> <span class='ocrx_word' id='word_1_104' title='bbox 865 1403 901 1449; x_wconf 88' lang='lat' dir='ltr'><strong>si</strong></span> <span class='ocrx_word' id='word_1_105' title='bbox 936 1403 1034 1449; x_wconf 84' lang='lat' dir='ltr'><strong>fieri</strong></span> <span class='ocrx_word' id='word_1_106' title='bbox 1071 1411 1257 1468; x_wconf 81' lang='lat' dir='ltr'><strong>potest,</strong></span> <span class='ocrx_word' id='word_1_107' title='bbox 1295 1403 1354 1450; x_wconf 91' lang='lat' dir='ltr'><strong>lis</strong></span> <span class='ocrx_word' id='word_1_108' title='bbox 1414 1405 1558 1452; x_wconf 87' lang='lat' dir='ltr'><strong>aesti-</strong></span> 
     </span>
     <span class='ocr_line' id='line_1_16' title="bbox 228 1486 1550 1556; baseline 0.003 -21"><span class='ocrx_word' id='word_1_109' title='bbox 228 1499 386 1537; x_wconf 87' lang='lat' dir='ltr'><strong>metur</strong></span> <span class='ocrx_word' id='word_1_110' title='bbox 416 1527 429 1549; x_wconf 87' lang='lat'>,</span> <span class='ocrx_word' id='word_1_111' title='bbox 470 1506 590 1556; x_wconf 82' lang='lat' dir='ltr'><strong>quae</strong></span> <span class='ocrx_word' id='word_1_112' title='bbox 616 1486 800 1536; x_wconf 78' lang='lat' dir='ltr'><strong>iamdiu</strong></span> <span class='ocrx_word' id='word_1_113' title='bbox 824 1488 949 1536; x_wconf 83' lang='lat' dir='ltr'><strong>viros</strong></span> <span class='ocrx_word' id='word_1_114' title='bbox 977 1488 1093 1534; x_wconf 84' lang='lat' dir='ltr'><strong>inter</strong></span> <span class='ocrx_word' id='word_1_115' title='bbox 1130 1489 1421 1538; x_wconf 70' lang='lat' dir='ltr'><strong>doctissimos</strong></span> <span class='ocrx_word' id='word_1_116' title='bbox 1448 1508 1550 1538; x_wconf 87' lang='lat' dir='ltr'><strong>ma-</strong></span> 
     </span>
     <span class='ocr_line' id='line_1_17' title="bbox 232 1566 1216 1643; baseline -0.002 -21"><span class='ocrx_word' id='word_1_117' title='bbox 232 1593 322 1643; x_wconf 82' lang='lat' dir='ltr'><strong>gna</strong></span> <span class='ocrx_word' id='word_1_118' title='bbox 360 1566 627 1623; x_wconf 81' lang='lat' dir='ltr'><strong>animorum</strong></span> <span class='ocrx_word' id='word_1_119' title='bbox 668 1575 962 1622; x_wconf 80' lang='lat' dir='ltr'><strong>contentione</strong></span> <span class='ocrx_word' id='word_1_120' title='bbox 999 1575 1216 1640; x_wconf 79' lang='lat' dir='ltr'><strong>agitatur.</strong></span> 
     </span>
    </p>

    <p class='ocr_par' dir='ltr' id='par_1_4' title="bbox 224 1660 1548 2229">
     <span class='ocr_line' id='line_1_18' title="bbox 301 1660 1547 1728; baseline 0 -20"><span class='ocrx_word' id='word_1_121' title='bbox 301 1660 370 1709; x_wconf 87' lang='lat' dir='ltr'><strong>De</strong></span> <span class='ocrx_word' id='word_1_122' title='bbox 410 1664 624 1728; x_wconf 77' lang='lat' dir='ltr'><strong>Optione</strong></span> <span class='ocrx_word' id='word_1_123' title='bbox 665 1662 944 1711; x_wconf 75' lang='lat' dir='ltr'><strong>classiario</strong></span> <span class='ocrx_word' id='word_1_124' title='bbox 981 1661 1202 1725; x_wconf 82' lang='lat' dir='ltr'><strong>ancipites</strong></span> <span class='ocrx_word' id='word_1_125' title='bbox 1261 1662 1375 1709; x_wconf 87' lang='lat' dir='ltr'><strong>olim</strong></span> <span class='ocrx_word' id='word_1_126' title='bbox 1412 1661 1547 1708; x_wconf 87' lang='lat' dir='ltr'><strong>fuere</strong></span> 
     </span>
     <span class='ocr_line' id='line_1_19' title="bbox 228 1745 1538 1814; baseline -0.001 -20"><span class='ocrx_word' id='word_1_127' title='bbox 228 1745 602 1796; x_wconf 81' lang='lat' dir='ltr'><strong>Herculanenses</strong></span> <span class='ocrx_word' id='word_1_128' title='bbox 639 1748 788 1795; x_wconf 82' lang='lat' dir='ltr'><strong>nostri</strong></span> <span class='ocrx_word' id='word_1_129' title='bbox 813 1748 1135 1794; x_wconf 82' lang='lat' dir='ltr'><strong>Antecessores</strong></span> <span class='ocrx_word' id='word_1_130' title='bbox 1159 1785 1171 1805; x_wconf 82' lang='lat'>,</span> <span class='ocrx_word' id='word_1_131' title='bbox 1210 1748 1368 1814; x_wconf 77' lang='lat' dir='ltr'><strong>quales</strong></span> <span class='ocrx_word' id='word_1_132' title='bbox 1406 1748 1538 1813; x_wconf 85' lang='lat' dir='ltr'><strong>Iupi-</strong></span> 
     </span>
     <span class='ocr_line' id='line_1_20' title="bbox 228 1833 1540 1901; baseline 0.001 -22"><span class='ocrx_word' id='word_1_133' title='bbox 228 1834 321 1879; x_wconf 78' lang='lat' dir='ltr'><strong>ter!</strong></span> <span class='ocrx_word' id='word_1_134' title='bbox 360 1835 615 1900; x_wconf 76' lang='lat' dir='ltr'><strong>quantique</strong></span> <span class='ocrx_word' id='word_1_135' title='bbox 653 1835 758 1880; x_wconf 84' lang='lat' dir='ltr'><strong>Viri</strong></span> <span class='ocrx_word' id='word_1_136' title='bbox 797 1835 904 1901; x_wconf 85' lang='lat'>(1)!</span> <span class='ocrx_word' id='word_1_137' title='bbox 945 1834 1070 1900; x_wconf 89' lang='lat' dir='ltr'><strong>quod</strong></span> <span class='ocrx_word' id='word_1_138' title='bbox 1108 1833 1289 1880; x_wconf 85' lang='lat' dir='ltr'><strong>nullum</strong></span> <span class='ocrx_word' id='word_1_139' title='bbox 1327 1835 1437 1899; x_wconf 86' lang='lat' dir='ltr'><strong>ipsis</strong></span> <span class='ocrx_word' id='word_1_140' title='bbox 1474 1835 1540 1883; x_wconf 89' lang='lat' dir='ltr'><strong>vi-</strong></span> 
     </span>
     <span class='ocr_line' id='line_1_21' title="bbox 227 1919 1543 1987; baseline 0.002 -21"><span class='ocrx_word' id='word_1_141' title='bbox 227 1919 339 1967; x_wconf 88' lang='lat' dir='ltr'><strong>dere</strong></span> <span class='ocrx_word' id='word_1_142' title='bbox 376 1921 629 1987; x_wconf 79' lang='lat' dir='ltr'><strong>contigerat</strong></span> <span class='ocrx_word' id='word_1_143' title='bbox 665 1919 1286 1979; x_wconf 71' lang='lat' dir='ltr'><strong>monumentum,0rdinem</strong></span> <span class='ocrx_word' id='word_1_144' title='bbox 1312 1921 1543 1970; x_wconf 86' lang='lat' dir='ltr'><strong>eiusmodi</strong></span> 
     </span>
     <span class='ocr_line' id='line_1_22' title="bbox 224 2005 1542 2073; baseline 0.003 -23"><span class='ocrx_word' id='word_1_145' title='bbox 224 2022 335 2070; x_wconf 81' lang='lat' dir='ltr'><strong>prae</strong></span> <span class='ocrx_word' id='word_1_146' title='bbox 371 2024 419 2054; x_wconf 90' lang='lat' dir='ltr'><strong>se</strong></span> <span class='ocrx_word' id='word_1_147' title='bbox 454 2006 635 2053; x_wconf 85' lang='lat' dir='ltr'><strong>ferens.</strong></span> <span class='ocrx_word' id='word_1_148' title='bbox 677 2005 779 2052; x_wconf 89' lang='lat' dir='ltr'><strong>Sed</strong></span> <span class='ocrx_word' id='word_1_149' title='bbox 832 2006 960 2071; x_wconf 83' lang='lat' dir='ltr'><strong>apud</strong></span> <span class='ocrx_word' id='word_1_150' title='bbox 1012 2007 1238 2071; x_wconf 70' lang='lat' dir='ltr'><strong>Sponium</strong></span> <span class='ocrx_word' id='word_1_151' title='bbox 1277 2008 1350 2073; x_wconf 69' lang='grc' dir='ltr'><strong>(α)</strong></span> <span class='ocrx_word' id='word_1_152' title='bbox 1387 2008 1542 2073; x_wconf 84' lang='lat' dir='ltr'><strong>legere</strong></span> 
     </span>
     <span class='ocr_line' id='line_1_23' title="bbox 226 2092 1548 2158; baseline -0.001 -18"><span class='ocrx_word' id='word_1_153' title='bbox 226 2101 294 2140; x_wconf 90' lang='lat' dir='ltr'><strong>est</strong></span> <span class='ocrx_word' id='word_1_154' title='bbox 316 2094 375 2141; x_wconf 87' lang='lat' dir='ltr'><strong>T.</strong></span> <span class='ocrx_word' id='word_1_155' title='bbox 404 2092 622 2140; x_wconf 81' lang='lat' dir='ltr'><strong>Flavium</strong></span> <span class='ocrx_word' id='word_1_156' title='bbox 663 2093 993 2142; x_wconf 81' lang='lat' dir='ltr'><strong>Alexandrum</strong></span> <span class='ocrx_word' id='word_1_157' title='bbox 1019 2094 1344 2158; x_wconf 56' lang='lat' dir='ltr'><strong>Etr-Optione</strong></span> <span class='ocrx_word' id='word_1_158' title='bbox 1375 2094 1548 2142; x_wconf 80' lang='lat' dir='ltr'><strong>Class.</strong></span> 
     </span>
     <span class='ocr_line' id='line_1_24' title="bbox 226 2177 1538 2229; baseline 0 -3"><span class='ocrx_word' id='word_1_159' title='bbox 226 2178 403 2228; x_wconf 69' lang='lat' dir='ltr'><strong>Msen.</strong></span> <span class='ocrx_word' id='word_1_160' title='bbox 464 2180 673 2229; x_wconf 77' lang='lat' dir='ltr'><strong>honesta</strong></span> <span class='ocrx_word' id='word_1_161' title='bbox 728 2180 948 2226; x_wconf 86' lang='lat' dir='ltr'><strong>missione</strong></span> <span class='ocrx_word' id='word_1_162' title='bbox 984 2179 1209 2227; x_wconf 73' lang='lat' dir='ltr'><strong>donatum</strong></span> <span class='ocrx_word' id='word_1_163' title='bbox 1248 2198 1273 2226; x_wconf 85' lang='lat' dir='ltr'>a</span> <span class='ocrx_word' id='word_1_164' title='bbox 1309 2178 1376 2226; x_wconf 89' lang='grc' dir='ltr'><strong>Μ.</strong></span> <span class='ocrx_word' id='word_1_165' title='bbox 1408 2177 1538 2226; x_wconf 89' lang='lat' dir='ltr'><strong>Iulio</strong></span> 
     </span>
    </p>
   </div>
   <div class='ocr_carea' id='block_1_2' title="bbox 331 2367 889 2496">
    <p class='ocr_par' dir='ltr' id='par_1_5' title="bbox 331 2367 889 2496">
     <span class='ocr_line' id='line_1_25' title="bbox 331 2367 834 2421; baseline 0.002 -15"><span class='ocrx_word' id='word_1_166' title='bbox 331 2367 411 2421; x_wconf 88' lang='lat'><strong>(1)</strong></span> <span class='ocrx_word' id='word_1_167' title='bbox 440 2367 581 2409; x_wconf 74' lang='lat' dir='ltr'><strong>Praef.</strong></span> <span class='ocrx_word' id='word_1_168' title='bbox 615 2370 736 2408; x_wconf 84' lang='lat' dir='ltr'><strong>Tom.</strong></span> <span class='ocrx_word' id='word_1_169' title='bbox 776 2370 834 2407; x_wconf 91' lang='lat' dir='ltr'><strong>V.</strong></span> 
     </span>
     <span class='ocr_line' id='line_1_26' title="bbox 351 2438 889 2496; baseline 0.007 -19"><span class='ocrx_word' id='word_1_170' title='bbox 351 2438 412 2492; x_wconf 69' lang='grc' dir='ltr'><strong>(α)</strong></span> <span class='ocrx_word' id='word_1_171' title='bbox 442 2440 680 2481; x_wconf 79' lang='lat' dir='ltr'><strong>Miscellan.</strong></span> <span class='ocrx_word' id='word_1_172' title='bbox 714 2455 756 2496; x_wconf 88' lang='lat' dir='ltr'><strong>p.</strong></span> <span class='ocrx_word' id='word_1_173' title='bbox 793 2439 889 2494; x_wconf 72' lang='grc'><strong>244.</strong></span> 
     </span>
    </p>
   </div>
  </div>
 </body>
</html>
