1633 2802
226 137 725 273 64ΒΟΝΑΤΙΟΝῙΞ.
753 218 1034 270 CAVSAM.
1056 217 1200 266 VEL.
1223 215 1533 279 ALIOQVE.

222 309 504 361 NOMINE.
544 295 1031 357 TEMPTA'VERIT.
1071 304 1335 353 FACERE.
1357 297 1540 371 Legen-

225 396 343 445 dum
376 402 626 462 putamus:
665 393 960 442 donationis
994 410 1200 442 causam
1222 428 1236 450 ,
1275 393 1349 439 vel
1383 388 1536 437 ALIO

224 480 499 542 QVOQVE
534 477 816 527 NOMINE.
844 478 1034 526 Excidit
1057 477 1183 524 enim
1207 476 1398 523 fortasse
1423 475 1539 523 scal-

222 550 346 633 ptbri
383 565 561 632 syllaba
595 563 731 625 QVO
753 582 766 624 ;
814 564 904 611 nisi
927 564 1082 630 potius
1105 562 1257 611 dicere
1280 561 1396 611 velis
1413 597 1428 621 ‚
1453 577 1538 611 vo-

226 654 269 701 ci
302 650 593 710 ALIOQVE
636 649 714 703 ττῑν
751 667 972 718 oto-pisiam
1008 666 1196 717 quoque
1231 633 1345 718 olim
1381 640 1536 694 tribu-

223 749 319 788 tam
356 737 492 786 fuisse
526 732 922 803 significationeui',
937 744 989 783 ut
1023 736 1202 782 steterit
1237 752 1320 802 pro
1341 738 1535 803 quovis,

225 840 309 872 seu
344 839 652 891 quocunque.
694 821 801 870 Non
852 822 997 888 igitur
1050 823 1189 868 unius
1247 821 1535 870 donationis

225 927 442 970 caussa,
480 908 564 956 sed
599 907 888 974 alio-quovis
911 908 978 955 do
1007 911 1201 956 nomine
1212 944 1236 973 ὃ
1274 916 1389 973 puta
1413 925 1535 957 ven-

227 996 429 1045 ditionis
453 1032 466 1054 ,
504 998 927 1054 commutatiOnis‚
967 985 1199 1056 fiduciae
1251 991 1437 1040 alienari
1473 992 1534 1039 de

227 1092 390 1149 gente,
428 1080 687 1127 inhibetur.
712 1079 855 1127 Forte
879 1079 1016 1126 etiam
1041 1087 1086 1126 et
1110 1095 1252 1126 nexus
1275 1078 1357 1126 ille
1383 1078 1535 1125 CAV-

226 1168 376 1218 SAM.
416 1167 477 1215 ita
511 1165 794 1215 solvendus:
834 1163 996 1215 caicsa
1030 1169 1345 1230 mancipare.
1385 1167 1532 1215 Cuius

224 1253 455 1302 formulae
511 1251 780 1318 exemplum
802 1289 815 1312 ,
854 1253 975 1300 inter
1021 1251 1112 1299 alia
1144 1290 1159 1313 ,
1195 1254 1306 1302 vide
1357 1255 1408 1302 in
1444 1253 1533 1301 hoc

225 1340 504 1389 Farnesiano
538 1340 858 1408 Fragmento:
905 1381 917 1392 .

224 1425 500 1476 COSMVS.
538 1425 889 1476 AEDITVVS.
919 1422 1172 1472 MATRIS.
1216 1423 1277 1471 D.
1306 1424 1378 1472 M.
1417 1424 1534 1486 Ishi

224 1510 1524 1563 ANTIOCHO-SACERDOTE.ANNIS,XII.EIVSD.

226 1600 311 1639 AB.
327 1599 441 1638 IMP.
464 1598 734 1639 AVGU'STO
758 1598 978 1637 GizATis.
994 1597 1375 1637 MANVMISSVS.
1396 1597 1526 1638 οι...

226 1672 419 1721 SVNT.
476 1670 666 1720 SVNT.
725 1670 821 1720 HS.
880 1670 942 1719 N.
1000 1668 1040 1716 I.
1096 1669 1524 1718 DONATIONIS.

601 1757 827 1805 CAVSA.
868 1755 1153 1802 MANCIP..
1201 1778 1208 1787 ·

225 1844 365 1892 Nunc
399 1844 460 1892 de
486 1844 646 1893 Soleis
668 1881 681 1902 ‚
721 1846 819 1892 sive
843 1844 882 1890 S
886 1843 995 1891 ollis
1030 1842 1391 1908 sepzclerallbus
1415 1860 1528 1890 cum

225 1932 418 1979 Maffeio
454 1933 553 1979 iure
590 1929 844 1998 agendum.

293 2018 438 2066 Solia
476 2018 650 2070 fictilia
688 2025 914 2063 memorat
969 2015 1187 2073 Plinius,
1232 2031 1347 2079 quae
1407 2033 1524 2062 non-

224 2102 345 2151 nulli
378 2122 622 2169 perperam
645 2120 752 2150 cum
778 2101 990 2149 DOLIIS
1015 2100 1373 2148 FICTILIBVS
1401 2119 1525 2148 coiu-

223 2196 409 2237 mutare
444 2189 648 2256 aggressi
684 2198 805 2236 sunt.
847 2187 1015 2247 Celso,
1051 2188 1273 2253 singulari
1299 2189 1526 2252 acceptio-

225 2292 316 2337 ne,
356 2291 474 2342 quae
508 2273 636 2342 apud
670 2275 881 2324 medicae
906 2274 1013 2324 artis
1033 2275 1313 2340 professores
1348 2272 1524 2320 deinde
