1633 2802
1302 253 1361 298 15

125 357 173 386 2-
212 337 311 385 Alia
349 334 471 382 tituli
511 347 617 399 pars
653 334 717 379 sic
757 351 781 378 a
818 334 1017 379 caeteris
1055 333 1362 398 seiungenda:

53 425 188 476 Huic
219 423 498 486 Collegium
523 420 763 486 Dendrop
773 419 1013 468 hororum
1038 418 1098 466 ob
1131 424 1366 469 eximiam

54 528 177 577 erga
209 526 263 559 se
314 508 700 557 benivolentiam
721 542 736 566 ,
775 517 821 556 et
875 523 1017 572 spem
1070 517 1367 572 perpetuam

55 597 77 664 (
112 595 201 644 alia
232 607 370 660 porro
404 601 544 660 atque
567 592 656 641 alia
692 592 918 641 beneficia
945 593 1007 640 de
1032 592 1161 641 fonte
1196 592 1366 642 eodem

54 680 298 732 derivandi
331 681 353 746 )
386 690 600 729 statuam
634 679 868 728 Patrono
930 679 1225 744 dignissimo
1272 697 1363 746 po-

51 778 279 825 suerunt;
320 784 438 833 quae
476 765 606 814 nullo
668 765 889 832 indigent
925 767 1197 831 interprete.
1239 765 1365 815 Tan—

50 865 148 903 tum
181 854 421 902 adnotasse
475 870 564 900 non
605 854 759 920 pigeat
780 889 794 913 ‚
833 851 973 920 siglas
1008 852 1206 911 COLL;
1247 870 1366 918 quas

49 941 124 989 hic
159 954 245 1006 pro
282 941 515 1005 Collegit)
552 940 838 1006 accipimuS,
876 949 936 987 ut
970 949 1018 989 et
1053 941 1105 988 in
1139 941 1263 988 linea
1307 939 1364 987 13

51 1036 97 1075 et
132 1025 522 1092 antepenultima,
563 1026 706 1074 aliam
742 1025 918 1075 deinde
963 1036 1242 1094 potestatem
1280 1028 1365 1074 ha-

48 1112 153 1161 bere
188 1113 237 1159 in
276 1129 413 1162 versu
457 1130 515 1159 10
539 1150 553 1173 ,
590 1112 722 1178 quod
748 1131 834 1161 suo
857 1112 958 1161 ioco
983 1114 1236 1163 notabitur.
1267 1113 1363 1160 Ve-

51 1200 163 1248 teris
198 1200 344 1272 etiam
378 1201 463 1253 τής
499 1193 796 1269 ὀρθογροιῲιας
833 1201 1028 1250 studiosi
1089 1202 1317 1248 notabunt
1346 1238 1360 1259 ‚

49 1285 108 1333 ad
143 1302 307 1335 vocem
342 1286 892 1352 Dendoprophoror'um
925 1287 1155 1354 syllabam
1192 1297 1363 1352 postre-

50 1389 177 1420 mam
212 1386 294 1439 pei*
331 1371 571 1438 duplicem
604 1372 647 1418 R
680 1373 824 1420 ‘fuisse
857 1372 1170 1440 designatam.
1231 1414 1235 1418 .

118 1458 170 1507 3.
207 1459 434 1526 Sequitur
468 1475 574 1523 pars
609 1460 746 1507 tertia
797 1459 867 1508 his
902 1459 1167 1508 coercenda
1200 1458 1362 1508 limiti-

46 1545 134 1594 bus
160 1564 175 1594 :
214 1546 374 1594 Caius
410 1553 607 1594 statuae
629 1545 813 1594 honore
839 1555 1108 1594 contentas
1127 1581 1144 1606 2
1179 1546 1362 1594 obtulit

48 1630 284 1697 Collegio
339 1647 493 1698 »supra
551 1634 739 1698 scripto
799 1628 898 1679 HS.
960 1631 1099 1678 VIII.
1164 1632 1226 1679 N.
1280 1634 1362 1681 At-

45 1716 129 1781 qui
161 1715 253 1763 hon
288 1716 338 1763 in
373 1715 475 1765 loco
509 1716 818 1784 interrogabit
852 1718 955 1782 quis
978 1754 991 1776 ,
1031 1735 1117 1765 nec
1135 1718 1199 1765 de
1234 1719 1362 1765 nihi-

45 1802 91 1850 lo
125 1802 338 1851 habenda
370 1804 666 1872 interrogatio
696 1837 710 1865 3
752 1821 889 1852 eccur
945 1812 1078 1853 notae
1132 1805 1360 1852 formulae

50 1888 240 1938 honore
273 1900 530 1939 contentus
563 1904 656 1937 non
693 1888 916 1938 additum
959 1891 1359 1959 complementum

46 1973 168 2022 illud
202 1975 528 2025 notissimum:
568 1983 841 2042 impensam
892 1978 1110 2027 remisit?
1142 1979 1234 2026 Cui
1281 1981 1355 2026 iu-

50 2064 348 2129 terrogationi
382 2065 448 2113 sic
481 2061 897 2130 respondendum,
937 2065 1231 2114 arbitramur.
1263 2067 1356 2113 Po-

51 2156 216 2196 strema
250 2148 362 2199 haec
397 2149 537 2201 verba
571 2160 683 2197 tunc
718 2149 946 2197 formulae
980 2148 1052 2197 illi
1098 2151 1211 2200 addi
1249 2171 1357 2202 con-

46 2235 273 2297 saevisse,
311 2252 421 2284 cum
457 2236 718 2296 Patronus,
757 2236 856 2286 sive
892 2235 1008 2284 alius
1043 2239 1230 2303 quivis,
1271 2239 1355 2287 ob-

46 2315 127 2365 lati
166 2320 353 2371 honoris
414 2322 678 2389 impensam
731 2322 780 2369 in
827 2337 876 2370 se
912 2323 1151 2389 reciperet.
1207 2325 1268 2371 At
1306 2326 1352 2372 in

49 2417 156 2452 casu
183 2416 341 2456 nostro
361 2408 458 2457 iam
482 2408 897 2475 Dendroplzorum
923 2409 1200 2475 Collegium
1225 2428 1353 2458 sum·-
