<?xml version="1.0" encoding="UTF-8"?>
<!DOCTYPE html PUBLIC "-//W3C//DTD XHTML 1.0 Transitional//EN"
    "http://www.w3.org/TR/xhtml1/DTD/xhtml1-transitional.dtd">
<html xmlns="http://www.w3.org/1999/xhtml" xml:lang="en" lang="en">
 <head>
  <title>
</title>
<meta http-equiv="Content-Type" content="text/html;charset=utf-8" />
  <meta name='ocr-system' content='tesseract 3.04.00' />
  <meta name='ocr-capabilities' content='ocr_page ocr_carea ocr_par ocr_line ocrx_word'/>
</head>
<body>
  <div class='ocr_page' id='page_1' title='image "./inselectaquaedam00guar_0056.png"; bbox 0 0 1633 2802; ppageno 0'>
   <div class='ocr_carea' id='block_1_1' title="bbox 228 188 1541 515">
    <p class='ocr_par' dir='ltr' id='par_1_1' title="bbox 229 188 293 254">
     <span class='ocr_line' id='line_1_1' title="bbox 229 188 293 254; baseline 0 -15"><span class='ocrx_word' id='word_1_1' title='bbox 229 188 293 254; x_wconf 74' lang='grc'><strong>48</strong></span> 
     </span>
    </p>

    <p class='ocr_par' dir='ltr' id='par_1_2' title="bbox 228 276 1541 515">
     <span class='ocr_line' id='line_1_2' title="bbox 229 276 1539 344; baseline 0 -20"><span class='ocrx_word' id='word_1_2' title='bbox 229 295 278 325; x_wconf 84' lang='lat' dir='ltr'><strong>se</strong></span> <span class='ocrx_word' id='word_1_3' title='bbox 304 315 319 339; x_wconf 83' lang='lat'>,</span> <span class='ocrx_word' id='word_1_4' title='bbox 359 277 507 326; x_wconf 81' lang='lat' dir='ltr'>veluti</span> <span class='ocrx_word' id='word_1_5' title='bbox 542 294 624 344; x_wconf 82' lang='lat' dir='ltr'><strong>per</strong></span> <span class='ocrx_word' id='word_1_6' title='bbox 682 279 842 336; x_wconf 75' lang='lat' dir='ltr'>viam,</span> <span class='ocrx_word' id='word_1_7' title='bbox 880 294 986 325; x_wconf 81' lang='lat' dir='ltr'>curn</span> <span class='ocrx_word' id='word_1_8' title='bbox 1046 276 1211 326; x_wconf 84' lang='lat' dir='ltr'><strong>iisdem</strong></span> <span class='ocrx_word' id='word_1_9' title='bbox 1270 276 1539 328; x_wconf 83' lang='lat' dir='ltr'><strong>conveniat.</strong></span> 
     </span>
     <span class='ocr_line' id='line_1_3' title="bbox 228 363 1541 429; baseline -0.002 -17"><span class='ocrx_word' id='word_1_10' title='bbox 228 363 527 424; x_wconf 79' lang='lat' dir='ltr'>Quadratarii</span> <span class='ocrx_word' id='word_1_11' title='bbox 565 364 703 429; x_wconf 82' lang='lat' dir='ltr'>culpa</span> <span class='ocrx_word' id='word_1_12' title='bbox 738 365 950 412; x_wconf 76' lang='lat' dir='ltr'>turbatus</span> <span class='ocrx_word' id='word_1_13' title='bbox 985 367 1099 413; x_wconf 85' lang='lat' dir='ltr'>ordo</span> <span class='ocrx_word' id='word_1_14' title='bbox 1135 366 1364 414; x_wconf 84' lang='lat' dir='ltr'>linearum</span> <span class='ocrx_word' id='word_1_15' title='bbox 1399 366 1444 412; x_wconf 88' lang='lat' dir='ltr'><strong>in</strong></span> <span class='ocrx_word' id='word_1_16' title='bbox 1484 365 1541 411; x_wconf 75' lang='lat' dir='ltr'><strong>ti-</strong></span> 
     </span>
     <span class='ocr_line' id='line_1_4' title="bbox 230 450 1534 515; baseline 0.001 -18"><span class='ocrx_word' id='word_1_17' title='bbox 230 452 329 497; x_wconf 80' lang='lat' dir='ltr'>tulo</span> <span class='ocrx_word' id='word_1_18' title='bbox 391 452 608 515; x_wconf 82' lang='lat' dir='ltr'><strong>sequenti</strong></span> <span class='ocrx_word' id='word_1_19' title='bbox 659 450 719 497; x_wconf 83' lang='lat' dir='ltr'><strong>de</strong></span> <span class='ocrx_word' id='word_1_20' title='bbox 756 451 958 498; x_wconf 81' lang='lat' dir='ltr'><strong>Danielii</strong></span> <span class='ocrx_word' id='word_1_21' title='bbox 998 453 1157 500; x_wconf 83' lang='lat' dir='ltr'>Museo</span> <span class='ocrx_word' id='word_1_22' title='bbox 1185 490 1198 512; x_wconf 60' lang='lat'><em>7</em></span> <span class='ocrx_word' id='word_1_23' title='bbox 1249 461 1293 500; x_wconf 86' lang='lat' dir='ltr'><strong>et</strong></span> <span class='ocrx_word' id='word_1_24' title='bbox 1337 452 1398 498; x_wconf 83' lang='lat' dir='ltr'><strong>ad</strong></span> <span class='ocrx_word' id='word_1_25' title='bbox 1433 451 1534 498; x_wconf 80' lang='lat' dir='ltr'><strong>Sa-</strong></span> 
     </span>
    </p>
   </div>
   <div class='ocr_carea' id='block_1_2' title="bbox 229 536 977 669">
    <p class='ocr_par' dir='ltr' id='par_1_3' title="bbox 229 536 977 669">
     <span class='ocr_line' id='line_1_5' title="bbox 229 536 977 585; baseline 0 0"><span class='ocrx_word' id='word_1_26' title='bbox 229 555 428 585; x_wconf 69' lang='lat' dir='ltr'><em>crorum</em></span> <span class='ocrx_word' id='word_1_27' title='bbox 464 536 670 584; x_wconf 80' lang='lat' dir='ltr'>Classem</span> <span class='ocrx_word' id='word_1_28' title='bbox 706 536 977 585; x_wconf 83' lang='lat' dir='ltr'><strong>referendo:</strong></span> 
     </span>
     <span class='ocr_line' id='line_1_6' title="bbox 801 622 969 669; baseline 0.012 -3"><span class='ocrx_word' id='word_1_29' title='bbox 801 622 969 669; x_wconf 87' lang='lat' dir='ltr'><strong>VIIII.</strong></span> 
     </span>
    </p>
   </div>
   <div class='ocr_carea' id='block_1_3' title="bbox 228 708 1633 2158">
    <p class='ocr_par' dir='ltr' id='par_1_4' title="bbox 228 708 1633 931">
     <span class='ocr_line' id='line_1_7' title="bbox 228 708 1547 759; baseline -0.004 0"><span class='ocrx_word' id='word_1_30' title='bbox 228 712 298 759; x_wconf 89' lang='lat' dir='ltr'><strong>M.</strong></span> <span class='ocrx_word' id='word_1_31' title='bbox 338 708 613 757; x_wconf 86' lang='lat' dir='ltr'><strong>ACILIVS.</strong></span> <span class='ocrx_word' id='word_1_32' title='bbox 654 710 712 756; x_wconf 90' lang='lat' dir='ltr'><strong>A.</strong></span> <span class='ocrx_word' id='word_1_33' title='bbox 754 709 808 756; x_wconf 91' lang='lat' dir='ltr'><strong>F.</strong></span> <span class='ocrx_word' id='word_1_34' title='bbox 850 709 1004 756; x_wconf 83' lang='lat' dir='ltr'><strong>VOT.</strong></span> <span class='ocrx_word' id='word_1_35' title='bbox 1043 709 1105 757; x_wconf 90' lang='lat' dir='ltr'><strong>D.</strong></span> <span class='ocrx_word' id='word_1_36' title='bbox 1145 710 1207 756; x_wconf 92' lang='lat' dir='ltr'><strong>D.</strong></span> <span class='ocrx_word' id='word_1_37' title='bbox 1234 709 1290 755; x_wconf 90' lang='lat' dir='ltr'><strong>L.</strong></span> <span class='ocrx_word' id='word_1_38' title='bbox 1322 709 1382 756; x_wconf 92' lang='lat' dir='ltr'><strong>D.</strong></span> <span class='ocrx_word' id='word_1_39' title='bbox 1411 708 1474 755; x_wconf 92' lang='lat' dir='ltr'><strong>D.</strong></span> <span class='ocrx_word' id='word_1_40' title='bbox 1503 708 1547 754; x_wconf 96' lang='lat' dir='ltr'><strong>D</strong></span> 
     </span>
     <span class='ocr_line' id='line_1_8' title="bbox 355 781 1633 841; baseline -0.002 0"><span class='ocrx_word' id='word_1_41' title='bbox 355 792 638 841; x_wconf 81' lang='lat' dir='ltr'><strong>PRISCVS.</strong></span> <span class='ocrx_word' id='word_1_42' title='bbox 678 792 1004 841; x_wconf 85' lang='lat' dir='ltr'><strong>EGRILIVS.</strong></span> <span class='ocrx_word' id='word_1_43' title='bbox 1044 791 1410 840; x_wconf 81' lang='lat' dir='ltr'><strong>PLARIANVS</strong></span> <span class='ocrx_word' id='word_1_44' title='bbox 1632 781 1633 822; x_wconf 40' lang='grc' dir='ltr'><strong>ἑ</strong></span> 
     </span>
     <span class='ocr_line' id='line_1_9' title="bbox 349 877 1432 931; baseline -0.001 -4"><span class='ocrx_word' id='word_1_45' title='bbox 349 878 576 927; x_wconf 83' lang='lat' dir='ltr'><strong>PRACF.</strong></span> <span class='ocrx_word' id='word_1_46' title='bbox 615 878 872 927; x_wconf 85' lang='lat' dir='ltr'><strong>AERARI.</strong></span> <span class='ocrx_word' id='word_1_47' title='bbox 914 878 1077 931; x_wconf 86' lang='lat' dir='ltr'><strong>MILI.</strong></span> <span class='ocrx_word' id='word_1_48' title='bbox 1118 880 1256 925; x_wconf 87' lang='lat' dir='ltr'><strong>PAR.</strong></span> <span class='ocrx_word' id='word_1_49' title='bbox 1299 877 1432 926; x_wconf 91' lang='lat' dir='ltr'><strong>PON</strong></span> 
     </span>
    </p>

    <p class='ocr_par' dir='ltr' id='par_1_5' title="bbox 312 965 1465 1188">
     <span class='ocr_line' id='line_1_10' title="bbox 506 965 1280 1015; baseline 0.004 -6"><span class='ocrx_word' id='word_1_50' title='bbox 506 965 817 1015; x_wconf 88' lang='lat' dir='ltr'><strong>VOLCANI.</strong></span> <span class='ocrx_word' id='word_1_51' title='bbox 857 965 962 1014; x_wconf 82' lang='lat' dir='ltr'><strong>ET.</strong></span> <span class='ocrx_word' id='word_1_52' title='bbox 1026 965 1280 1012; x_wconf 86' lang='lat' dir='ltr'><strong>AEDIVM</strong></span> 
     </span>
     <span class='ocr_line' id='line_1_11' title="bbox 312 1051 1465 1101; baseline -0.002 -1"><span class='ocrx_word' id='word_1_53' title='bbox 312 1051 576 1100; x_wconf 85' lang='lat' dir='ltr'><strong>SACRAR.</strong></span> <span class='ocrx_word' id='word_1_54' title='bbox 616 1053 672 1100; x_wconf 90' lang='lat' dir='ltr'><strong>P.</strong></span> <span class='ocrx_word' id='word_1_55' title='bbox 713 1053 769 1101; x_wconf 91' lang='lat' dir='ltr'><strong>C.</strong></span> <span class='ocrx_word' id='word_1_56' title='bbox 810 1053 1083 1100; x_wconf 87' lang='lat' dir='ltr'><strong>CLVPEV.</strong></span> <span class='ocrx_word' id='word_1_57' title='bbox 1123 1053 1282 1100; x_wconf 88' lang='lat' dir='ltr'><strong>MAR.</strong></span> <span class='ocrx_word' id='word_1_58' title='bbox 1321 1051 1465 1100; x_wconf 88' lang='lat' dir='ltr'><strong>CVM</strong></span> 
     </span>
     <span class='ocr_line' id='line_1_12' title="bbox 612 1139 1173 1188; baseline 0.002 -3"><span class='ocrx_word' id='word_1_59' title='bbox 612 1139 911 1188; x_wconf 89' lang='lat' dir='ltr'><strong>IMAGINE.</strong></span> <span class='ocrx_word' id='word_1_60' title='bbox 954 1141 1173 1188; x_wconf 87' lang='lat' dir='ltr'><strong>AVREA</strong></span> 
     </span>
    </p>

    <p class='ocr_par' dir='ltr' id='par_1_6' title="bbox 232 1222 1556 1552">
     <span class='ocr_line' id='line_1_13' title="bbox 301 1222 1556 1291; baseline 0.002 -22"><span class='ocrx_word' id='word_1_61' title='bbox 301 1223 379 1271; x_wconf 69' lang='grc' dir='ltr'><strong>Υώ</strong></span> <span class='ocrx_word' id='word_1_62' title='bbox 417 1222 630 1285; x_wconf 70' lang='grc' dir='ltr'>ςφαλμοιτι</span> <span class='ocrx_word' id='word_1_63' title='bbox 669 1226 756 1272; x_wconf 83' lang='lat' dir='ltr'><strong>lin.</strong></span> <span class='ocrx_word' id='word_1_64' title='bbox 799 1225 846 1272; x_wconf 88' lang='lat'><strong>3.</strong></span> <span class='ocrx_word' id='word_1_65' title='bbox 876 1228 924 1274; x_wconf 92' lang='lat' dir='ltr'><strong>in</strong></span> <span class='ocrx_word' id='word_1_66' title='bbox 962 1242 1050 1290; x_wconf 83' lang='lat' dir='ltr'><strong>qua</strong></span> <span class='ocrx_word' id='word_1_67' title='bbox 1078 1223 1251 1288; x_wconf 76' lang='lat' dir='ltr'><strong><em>Praef</em></strong></span> <span class='ocrx_word' id='word_1_68' title='bbox 1277 1243 1360 1290; x_wconf 87' lang='lat' dir='ltr'><strong>pro</strong></span> <span class='ocrx_word' id='word_1_69' title='bbox 1387 1226 1556 1291; x_wconf 76' lang='lat' dir='ltr'><strong><em>Praef</em></strong></span> 
     </span>
     <span class='ocr_line' id='line_1_14' title="bbox 233 1310 1549 1379; baseline -0.001 -21"><span class='ocrx_word' id='word_1_70' title='bbox 233 1312 419 1377; x_wconf 84' lang='lat' dir='ltr'><strong>irrepsit</strong></span> <span class='ocrx_word' id='word_1_71' title='bbox 455 1311 574 1359; x_wconf 83' lang='lat' dir='ltr'>facili</span> <span class='ocrx_word' id='word_1_72' title='bbox 610 1313 797 1379; x_wconf 83' lang='lat' dir='ltr'>negotio</span> <span class='ocrx_word' id='word_1_73' title='bbox 855 1312 1124 1359; x_wconf 83' lang='lat' dir='ltr'><strong>occurritur.</strong></span> <span class='ocrx_word' id='word_1_74' title='bbox 1187 1310 1338 1359; x_wconf 84' lang='lat' dir='ltr'><strong>Aliter</strong></span> <span class='ocrx_word' id='word_1_75' title='bbox 1389 1329 1464 1359; x_wconf 85' lang='lat' dir='ltr'><strong>res</strong></span> <span class='ocrx_word' id='word_1_76' title='bbox 1499 1329 1549 1359; x_wconf 84' lang='lat' dir='ltr'><strong>se</strong></span> 
     </span>
     <span class='ocr_line' id='line_1_15' title="bbox 232 1397 1546 1465; baseline 0.002 -20"><span class='ocrx_word' id='word_1_77' title='bbox 232 1399 374 1446; x_wconf 80' lang='lat' dir='ltr'><strong>habet</strong></span> <span class='ocrx_word' id='word_1_78' title='bbox 408 1400 455 1445; x_wconf 85' lang='lat' dir='ltr'><strong>in</strong></span> <span class='ocrx_word' id='word_1_79' title='bbox 493 1399 614 1446; x_wconf 83' lang='lat' dir='ltr'>linea</span> <span class='ocrx_word' id='word_1_80' title='bbox 652 1400 799 1464; x_wconf 78' lang='lat' dir='ltr'>prima</span> <span class='ocrx_word' id='word_1_81' title='bbox 831 1436 844 1459; x_wconf 82' lang='lat'><strong>‚</strong></span> <span class='ocrx_word' id='word_1_82' title='bbox 884 1415 1001 1465; x_wconf 83' lang='lat' dir='ltr'>quae</span> <span class='ocrx_word' id='word_1_83' title='bbox 1037 1397 1171 1446; x_wconf 86' lang='lat' dir='ltr'><strong>foede</strong></span> <span class='ocrx_word' id='word_1_84' title='bbox 1208 1415 1320 1446; x_wconf 88' lang='lat' dir='ltr'><strong>cum</strong></span> <span class='ocrx_word' id='word_1_85' title='bbox 1343 1400 1546 1447; x_wconf 80' lang='lat' dir='ltr'><strong>secunda</strong></span> 
     </span>
     <span class='ocr_line' id='line_1_16' title="bbox 234 1485 1088 1552; baseline 0.005 -22"><span class='ocrx_word' id='word_1_86' title='bbox 234 1485 280 1531; x_wconf 86' lang='lat' dir='ltr'><strong>in</strong></span> <span class='ocrx_word' id='word_1_87' title='bbox 320 1503 460 1532; x_wconf 81' lang='lat' dir='ltr'>unam</span> <span class='ocrx_word' id='word_1_88' title='bbox 496 1487 608 1533; x_wconf 83' lang='lat' dir='ltr'><strong>coit.</strong></span> <span class='ocrx_word' id='word_1_89' title='bbox 647 1486 772 1552; x_wconf 83' lang='lat' dir='ltr'>Lege</span> <span class='ocrx_word' id='word_1_90' title='bbox 809 1485 952 1551; x_wconf 84' lang='lat' dir='ltr'>igitur</span> <span class='ocrx_word' id='word_1_91' title='bbox 988 1486 1088 1534; x_wconf 88' lang='lat' dir='ltr'><strong>sic:</strong></span> 
     </span>
    </p>

    <p class='ocr_par' dir='ltr' id='par_1_7' title="bbox 235 1570 1550 2069">
     <span class='ocr_line' id='line_1_17' title="bbox 239 1570 1542 1623; baseline 0.001 -5"><span class='ocrx_word' id='word_1_92' title='bbox 239 1570 384 1619; x_wconf 71' lang='lat' dir='ltr'><strong>Volo.</strong></span> <span class='ocrx_word' id='word_1_93' title='bbox 426 1571 552 1619; x_wconf 79' lang='lat' dir='ltr'><strong>don.</strong></span> <span class='ocrx_word' id='word_1_94' title='bbox 591 1571 778 1621; x_wconf 79' lang='lat' dir='ltr'><strong>datum.</strong></span> <span class='ocrx_word' id='word_1_95' title='bbox 808 1571 930 1621; x_wconf 85' lang='lat' dir='ltr'><strong>Loc.</strong></span> <span class='ocrx_word' id='word_1_96' title='bbox 959 1572 1065 1620; x_wconf 77' lang='lat' dir='ltr'><strong>dat.</strong></span> <span class='ocrx_word' id='word_1_97' title='bbox 1094 1571 1239 1621; x_wconf 72' lang='grc' dir='ltr'><em>αἶθον.</em></span> <span class='ocrx_word' id='word_1_98' title='bbox 1266 1574 1542 1623; x_wconf 79' lang='lat' dir='ltr'><strong>Decurion.</strong></span> 
     </span>
     <span class='ocr_line' id='line_1_18' title="bbox 235 1655 1550 1723; baseline 0.005 -21"><span class='ocrx_word' id='word_1_99' title='bbox 235 1655 306 1704; x_wconf 86' lang='lat' dir='ltr'><strong>M.</strong></span> <span class='ocrx_word' id='word_1_100' title='bbox 325 1656 536 1707; x_wconf 78' lang='lat' dir='ltr'><strong>Acilius.</strong></span> <span class='ocrx_word' id='word_1_101' title='bbox 560 1658 625 1707; x_wconf 90' lang='lat' dir='ltr'><strong>A.</strong></span> <span class='ocrx_word' id='word_1_102' title='bbox 654 1659 711 1706; x_wconf 87' lang='lat' dir='ltr'><strong>F.</strong></span> <span class='ocrx_word' id='word_1_103' title='bbox 741 1658 967 1707; x_wconf 75' lang='lat' dir='ltr'><strong>Priscus.</strong></span> <span class='ocrx_word' id='word_1_104' title='bbox 991 1659 1236 1723; x_wconf 74' lang='lat' dir='ltr'><em>Egrilius.</em></span> <span class='ocrx_word' id='word_1_105' title='bbox 1266 1660 1550 1709; x_wconf 74' lang='lat' dir='ltr'><em>Plarianus</em></span> 
     </span>
     <span class='ocr_line' id='line_1_19' title="bbox 338 1743 1453 1812; baseline 0.004 -21"><span class='ocrx_word' id='word_1_106' title='bbox 338 1744 513 1811; x_wconf 77' lang='lat' dir='ltr'><strong>Praef.</strong></span> <span class='ocrx_word' id='word_1_107' title='bbox 553 1743 774 1793; x_wconf 75' lang='lat' dir='ltr'><strong>Aerarii.</strong></span> <span class='ocrx_word' id='word_1_108' title='bbox 814 1743 958 1792; x_wconf 75' lang='lat' dir='ltr'><strong>Milic.</strong></span> <span class='ocrx_word' id='word_1_109' title='bbox 1000 1745 1230 1794; x_wconf 71' lang='lat' dir='ltr'><strong>Par-thie.</strong></span> <span class='ocrx_word' id='word_1_110' title='bbox 1270 1745 1453 1812; x_wconf 57' lang='grc' dir='ltr'><strong>Ροηιέῇί</strong></span> 
     </span>
     <span class='ocr_line' id='line_1_20' title="bbox 603 1829 1196 1879; baseline 0.003 -2"><span class='ocrx_word' id='word_1_111' title='bbox 603 1830 835 1879; x_wconf 78' lang='lat' dir='ltr'><strong>Volcani.</strong></span> <span class='ocrx_word' id='word_1_112' title='bbox 877 1843 939 1879; x_wconf 79' lang='lat' dir='ltr'><strong>et.</strong></span> <span class='ocrx_word' id='word_1_113' title='bbox 979 1829 1196 1879; x_wconf 78' lang='lat' dir='ltr'><em>Aedium</em></span> 
     </span>
     <span class='ocr_line' id='line_1_21' title="bbox 237 1914 1550 1982; baseline 0.004 -20"><span class='ocrx_word' id='word_1_114' title='bbox 237 1914 450 1963; x_wconf 73' lang='lat' dir='ltr'><strong>Saerar.</strong></span> <span class='ocrx_word' id='word_1_115' title='bbox 494 1917 730 1975; x_wconf 57' lang='lat' dir='ltr'><strong>Ponencl„</strong></span> <span class='ocrx_word' id='word_1_116' title='bbox 751 1934 918 1966; x_wconf 65' lang='lat' dir='ltr'><strong>carew.</strong></span> <span class='ocrx_word' id='word_1_117' title='bbox 952 1915 1206 1982; x_wconf 73' lang='lat' dir='ltr'><strong>Clupeam.</strong></span> <span class='ocrx_word' id='word_1_118' title='bbox 1237 1917 1410 1967; x_wconf 78' lang='lat' dir='ltr'><strong>Marti.</strong></span> <span class='ocrx_word' id='word_1_119' title='bbox 1439 1935 1550 1967; x_wconf 82' lang='lat' dir='ltr'><strong>cum</strong></span> 
     </span>
     <span class='ocr_line' id='line_1_22' title="bbox 672 2003 1115 2069; baseline 0.002 -19"><span class='ocrx_word' id='word_1_120' title='bbox 672 2003 916 2069; x_wconf 78' lang='lat' dir='ltr'><strong>Imagine.</strong></span> <span class='ocrx_word' id='word_1_121' title='bbox 957 2020 1115 2051; x_wconf 77' lang='lat' dir='ltr'><em>aurea</em></span> 
     </span>
    </p>

    <p class='ocr_par' dir='ltr' id='par_1_8' title="bbox 305 2084 1336 2158">
     <span class='ocr_line' id='line_1_23' title="bbox 305 2084 1336 2158; baseline 0.006 -27"><span class='ocrx_word' id='word_1_122' title='bbox 305 2084 477 2134; x_wconf 81' lang='lat' dir='ltr'>Levior</span> <span class='ocrx_word' id='word_1_123' title='bbox 518 2089 744 2138; x_wconf 76' lang='lat' dir='ltr'>medicina</span> <span class='ocrx_word' id='word_1_124' title='bbox 782 2091 911 2151; x_wconf 82' lang='lat' dir='ltr'>eius,</span> <span class='ocrx_word' id='word_1_125' title='bbox 948 2089 1077 2155; x_wconf 87' lang='lat' dir='ltr'>quod</span> <span class='ocrx_word' id='word_1_126' title='bbox 1114 2093 1336 2158; x_wconf 79' lang='lat' dir='ltr'><strong>sequitur.</strong></span> 
     </span>
    </p>
   </div>
  </div>
 </body>
</html>
