1633 2802
257 198 325 249 86

255 287 315 336 ab
352 302 445 333 uno
473 283 711 333 interdum
747 292 957 333 extremo
980 322 993 345 ‚
1033 284 1091 331 ab
1116 284 1261 333 altero
1296 281 1566 346 interdum,

257 373 499 422 scribentis
535 372 754 429 arbitrio,
818 372 1213 438 nuncupationem
1257 372 1509 418 sortiantur
1555 389 1569 420 ε

257 459 538 523 nullumque
578 459 773 523 proinde
824 459 1096 519 Fabrettio,
1140 459 1568 527 Hagenbuehioque

256 546 349 606 ius,
380 545 568 593 eosdem
605 546 665 592 de
700 546 1020 593 Libertorum
1057 563 1197 612 grege
1236 545 1572 606 detrudendi,

257 643 313 682 ut
347 635 398 683 in
435 634 704 684 Servorum
736 633 1004 681 Familiam
1038 631 1396 699 compellerent.

874 717 971 767 XI.

829 804 891 851 D.
946 803 998 850 M

591 890 650 937 L.
689 889 877 938 LALLI
913 887 1239 937 VALENTIS

555 977 661 1027 ET.
700 977 954 1025 LICCAT.
994 975 1212 1023 BARDI.
1253 973 1276 1020 Ι

461 1064 790 1113 OPTIONIS.
831 1064 941 1113 EX.
983 1063 1078 1109 III.
1118 1060 1359 1109 VENEre

475 1150 681 1200 VIXIT.
722 1150 880 1197 ANN.
919 1148 1108 1198 XXXI.
1148 1147 1341 1197 MILIT

722 1236 938 1285 ANNIS.
978 1235 1098 1284 XIII

321 1323 400 1373 Ad
447 1325 590 1374 finem
644 1342 765 1374 vers.
807 1323 854 1371 3.
896 1323 1056 1370 hastae
1109 1322 1318 1373 verticali
1356 1320 1373 1369 l
1410 1319 1574 1372 deesse

254 1411 445 1461 videtur
504 1411 838 1468 horizontalis‚
901 1409 1027 1457 unde
1082 1411 1137 1456 L.
1179 1410 1290 1457 olim
1353 1409 1573 1456 constite-

252 1507 341 1546 rat.
397 1497 619 1564 Legimus
671 1499 827 1563 itaque
863 1498 964 1544 sic:
1004 1495 1065 1543 L.
1105 1496 1281 1555 Lami,
1313 1496 1569 1554 Valentis,

255 1594 303 1635 et
338 1583 536 1632 Liccati
589 1583 799 1643 Bardi,
854 1580 1078 1642 Liberti,
1140 1581 1302 1631 idest:
1365 1580 1482 1628 dicti
1526 1592 1572 1630 et

253 1670 454 1720 Lice-ati
488 1669 689 1731 Bardi,
742 1668 964 1717 Liberti:
1006 1683 1128 1734 quae
1176 1667 1214 1713 si
1252 1666 1410 1715 minus
1465 1665 1571 1730 pla-

255 1768 387 1804 ceant
415 1756 547 1823 ,lege
583 1755 640 1817 I,
678 1765 731 1804 ut
767 1757 825 1802 sit
860 1755 1037 1822 primus
1074 1752 1235 1818 Optio.
1287 1752 1397 1800 Non
1434 1751 1569 1801 enim

256 1843 386 1890 tituli
446 1859 605 1890 sensus
659 1851 866 1889 constare
903 1849 1085 1907 potest,
1147 1839 1228 1904 qui
1284 1839 1365 1885 uni
1395 1876 1409 1899 ‚
1469 1855 1569 1885 non

257 1927 476 1987 duobus,
515 1923 914 1976 est'constitutus.
975 1927 1048 1973 De
1103 1925 1319 1989 Optione
1380 1923 1568 1970 interim

259 2013 453 2063 Trieris
509 2015 560 2064 V
562 2020 726 2065 eneris
785 2015 933 2061 omnis
970 2012 1198 2060 evanescit
1245 2010 1565 2057 addubitatio.

256 2098 353 2148 Sed
389 2118 492 2147 ecce
529 2101 589 2148 de
625 2100 827 2148 Danielii
864 2117 987 2165 penu
1009 2099 1311 2164 Epigramma
1348 2093 1481 2143 aliud
1516 2095 1566 2143 in

255 2203 357 2236 rem
392 2186 610 2234 eamdem
646 2186 1130 2255 opportunissimum:
