1633 2802
1338 260 1367 309 5

124 346 501 402 INNOCENTI.
543 338 704 395 CVM.
746 345 1102 395 ENGRATIO.
1129 276 1333 392 VIVAg

464 433 614 482 GEN.
654 433 759 481 ET.
801 433 941 481 HON

276 519 460 567 MAGI.
501 519 819 567 GERMANI.
862 520 1144 568 STATORI

79 606 407 657 MARSIANI.
449 607 554 665 EQ.
594 607 651 654 R.
691 606 750 652 E.
794 607 845 653 P.
886 606 1032 653 DEC.
1073 606 1217 654 DEC.
1256 607 1321 652 V.

76 695 181 742 EX.
225 694 261 758 ).
304 692 422 739 IIII.
465 692 646 739 COLL.
686 691 827 739 ΕΑΒ.
867 692 970 740 ΕΤ.
1012 692 1298 742 CENTON.

109 779 427 828 CVRATOR.
468 778 613 825 ARK.
653 778 983 826 TITIANAE.
1024 779 1204 826 COLL.
1245 777 1313 826 SS

156 866 338 915 ANNI.
379 863 499 912 CLI.
541 864 775 912 COLON.
817 864 872 911 C.
910 864 970 912 A.
1008 863 1064 912 F.
1105 866 1248 913 MED

519 951 625 999 ET.
666 950 901 1000 IVNONI

228 1036 587 1085 CISSONIAE.
627 1036 1012 1098 APHRODITI.
1040 1037 1189 1086 EIVS

243 1125 282 1190 ).
320 1124 435 1170 XII.
476 1123 658 1172 COLL.
699 1124 752 1172 S.
793 1124 845 1171 S.
887 1124 1212 1174 PATRONIS

361 1210 592 1258 PLVRA.
634 1210 1050 1259 MERENTIBVS

111 1292 441 1334 INNOCENTI.
475 1295 598 1345 QVI:
618 1294 718 1336 SIC.
753 1295 895 1335 AGIS.
929 1296 1092 1336 BENE.
1132 1297 1303 1338 VIVAS

126 1379 250 1426 Vide
285 1381 332 1426 in
370 1379 508 1427 titulo
544 1381 629 1428 hoc
666 1399 810 1428 unam
848 1391 1007 1429 notam
1063 1382 1366 1449 chronologi-

59 1483 162 1513 cam
180 1503 191 1522 ‚
220 1465 524 1531 eamdemque
550 1467 877 1532 municipalem
906 1507 919 1529 ‚
949 1469 1078 1516 nulla
1105 1469 1369 1516 Consulum

56 1552 225 1598 iniecta
264 1553 500 1600 mentione
526 1591 538 1612 ,
577 1553 713 1600 Anni
747 1553 867 1600 CLI.
912 1556 1094 1603 Colon.
1125 1555 1180 1602 C.
1207 1554 1266 1601 A.
1311 1554 1370 1601 F.

59 1636 197 1684 Med.
254 1635 404 1684 idest:
447 1640 692 1687 Coloniae
733 1640 926 1705 Copiae
976 1640 1232 1705 Augustae
1270 1641 1370 1688 Fe-

58 1721 168 1770 licis
204 1723 483 1771 Mediolan.
522 1722 686 1773 Paucis
723 1742 849 1771 nunc
874 1725 1242 1790 complectamur
1267 1743 1374 1774 cae-

58 1813 190 1868 tera,
229 1826 346 1873 quae
384 1818 541 1856 notatu
578 1811 720 1877 digna
756 1812 1068 1872 immarmore
1129 1812 1364 1862 videntur.

134 1911 177 1940 1.
217 1893 407 1941 Titulus
431 1894 698 1943 inscribitur
722 1896 873 1946 Genio
902 1934 916 1958 ,
944 1910 991 1947 et
1015 1898 1211 1947 Honori
1257 1900 1371 1947 Ma-

58 1983 129 2044 gic'
164 1981 403 2029 Germani
438 1980 630 2031 Statori
655 1984 904 2032 IIIarsiczni
923 2022 936 2045 ,
974 1996 1020 2033 et
1044 1984 1232 2034 szoni
1262 1987 1372 2035 Cis-

61 2071 239 2114 soniae
275 2066 541 2133 Aphrodizi
574 2073 680 2119 eius
716 2069 737 2135 (
776 2070 985 2138 intellige
1021 2071 1042 2138 )
1080 2070 1249 2133 uxori,
1290 2088 1372 2120 seu

62 2148 115 2196 V
110 2155 267 2200 επεν-ἱ.

133 2255 179 2284 2.
201 2239 388 2306 Magius
414 2242 583 2306 Eques
617 2243 873 2291 Romanus
899 2244 1043 2312 Equo
1077 2245 1238 2311 publ„
1267 2246 1369 2291 De-

62 2327 269 2375 curialis
323 2328 574 2378 :Decuriae
599 2328 661 2374 V.
702 2347 770 2376 ex
810 2331 1048 2379 Centuria
1094 2330 1209 2377 IIII.
1255 2331 1371 2378 Col-

61 2408 175 2473 legii
194 2412 410 2463 Fabrum
427 2454 442 2476 ,
470 2426 516 2463 et
545 2416 970 2466 Centonccr·i0rzcm.
1001 2417 1124 2466 Item
1153 2419 1372 2468 Curatur·
