1633 2802
1333 209 1397 256 85

89 289 452 348 ber-aritfflelati
487 292 736 338 servitutis
789 290 987 339 vinculo
1045 295 1253 339 attineri
1299 290 1394 355 (1).

88 377 185 423 Uni
219 375 359 440 igitur
395 375 575 421 Liberti
611 374 927 423 VINDICTA
952 377 1186 423 servitutis
1224 365 1394 426 vin'cu-

91 463 187 510 lum
221 463 404 527 penitus
442 463 770 510 excutiebant:
811 465 895 527 qui
925 462 1238 512 Testamento
1265 502 1279 524 7
1320 473 1399 509 aut

90 550 478 598 WIcmzcmz'ssione
533 549 665 596 liberi
708 550 915 608 fiebant,
956 570 1046 598 non
1105 553 1256 609 iten13
1314 551 1397 598 sed.

87 635 321 683 servitutis
381 636 569 682 vinculo
631 635 777 682 veluti
833 638 1166 685 attinebantur.
1227 639 1396 704 Deque

83 723 324 788 posteriori
360 723 448 770 hoc
485 723 782 769 Libertorum
820 740 988 789 genere
1026 733 1225 791 utroque
1248 763 1261 784 ,
1301 743 1394 772 non

84 808 143 856 (le
178 809 391 858 Libertis
428 810 681 868 vindicta,
720 809 859 856 illum
898 811 1050 857 Taciti
1086 812 1298 859 eiusdem
1325 812 1396 857 lo-

86 911 192 943 cum
229 895 429 962 intelligi
468 905 712 961 oportere,
754 913 1021 956 censemus,
1060 915 1155 962 quo
1193 899 1255 944 ait
1281 898 1384 963 (2).

85 982 190 1029 Per
223 981 351 1029 idem
387 994 576 1048 tempus
613 992 779 1030 aetum
815 1001 868 1031 ιη
907 983 1101 1032 Senam
1138 985 1201 1034 de
1245 984 1401 1051 sran-

84 1067 146 1117 εἶθ
182 1067 525 1126 Libertorum,
567 1065 992 1135 efflagita-tumque
1016 1107 1030 1129 ‚
1072 1082 1124 1119 ut
1159 1071 1399 1120 adversus

87 1155 217 1204 male
254 1160 459 1204 meritos
494 1154 812 1205 revocandae
849 1155 1094 1205 libertatis
1129 1161 1205 1205 ius
1225 1168 1398 1223 patro-

89 1245 162 1290 ηἰς
198 1241 421 1291 daretur.
464 1241 526 1287 Hi
564 1242 691 1288 enim
714 1233 851 1299 ‚non
886 1242 992 1303 illi,
1036 1243 1199 1291 Tacito
1235 1243 1401 1292 eodem

85 1329 313 1376 referente
335 1366 348 1388 ,
389 1330 534 1380 veluti
568 1322 813 1378 servitutis
851 1331 1048 1378 vinculo
1107 1331 1401 1378 attineban-

89 1427 200 1475 tur,
239 1414 442 1478 ideoque
477 1414 629 1463 visum
669 1415 894 1474 Senatui,
935 1423 989 1462 ut
1024 1417 1099 1482 agi
1125 1424 1286 1463 contra
1325 1433 1399 1463 eos

89 1511 246 1568 posset
271 1539 285 1561 ,
323 1518 416 1565 quo
434 1501 508 1547 ius
532 1497 850 1550 revocandae
885 1501 1130 1550 libertatis
1156 1502 1402 1550 Patronis

90 1588 313 1635 daretur.
353 1586 645 1636 Postremum
683 1587 827 1653 igitur
864 1587 951 1634 hoc
986 1587 1283 1634 Libertorum
1320 1605 1400 1652 ge—

90 1690 180 1721 nus
217 1672 408 1721 videtur
430 1709 443 1732 ,
481 1672 629 1721 veluti
653 1673 869 1720 medium
896 1673 1103 1720 extitisse
1141 1673 1265 1720 inter
1288 1673 1401 1722 Ser-

92 1777 176 1809 vos
211 1760 358 1806 stricti
393 1760 590 1806 nominis
614 1798 627 1819 ‚
666 1768 711 1806 et
734 1759 975 1808 Libertos
1021 1759 1240 1810 vindicta
1264 1798 1277 1819 ‚
1317 1761 1401 1826 qui

91 1844 466 1911 lege,servitutis
502 1846 691 1895 vinculo
719 1847 909 1893 omniuo
947 1844 1266 1893 solvebantur.
1291 1846 1404 1892 Pro-

91 1947 213 1979 num
248 1930 423 1979 idcireo
461 1941 527 1978 est
565 1933 790 1980 coniicere
814 1970 826 1991 ,
867 1930 1025 1978 medio
1080 1932 1190 1979 huic
1241 1932 1401 1998 generi

97 2018 218 2067 illud
259 2037 393 2084 saepe
429 2036 625 2067 numero
685 2019 955 2068 usuvenisse
986 2055 999 2076 ,
1037 2016 1165 2083 quod
1221 2019 1402 2064 contin-

97 2123 205 2173 gere
241 2106 290 2152 in
325 2104 480 2154 medio
515 2106 677 2172 positis
713 2104 993 2172 plerumque
1029 2105 1249 2156 videmus
1275 2142 1290 2165 ‚
1345 2112 1398 2150 ut

204 2291 270 2346 (1)
299 2292 447 2334 Annal.
479 2293 568 2335 Lib.
601 2293 711 2332 XIII.

205 2362 266 2417 (2)
298 2363 399 2407 Ibid.
