1633 2802
219 193 286 257 94

222 289 421 343 tumque
456 277 644 324 nomina
682 275 786 324 ideo
822 276 988 348 omissa
1019 308 1030 330 ‚
1071 274 1201 339 quod
1236 292 1327 323 non
1364 276 1536 325 Centu-

222 367 318 412 riac
356 366 479 428 ipsae
503 402 515 423 ‚
556 363 636 410 sed
674 364 841 408 uniem-
881 361 1035 407 Julius
1074 360 1308 420 Hermes,
1349 363 1537 410 nomine

224 467 338 510 suo,
379 459 425 495 et
458 448 567 495 Filii
603 450 672 494 sui
708 447 1044 514 JuliiflRegilli,
1072 464 1254 494 sacrum
1294 446 1401 493 facit
1445 445 1537 494 Vi-

223 540 414 585 ctoriae
434 535 561 599 Imp.
596 532 841 582 Caesaris
863 535 1185 600 Vespasiani.
1202 533 1393 599 Ecquid
1410 536 1539 586 enim

221 622 448 688 aequius,
486 639 628 686 quam
663 620 832 667 milites
879 619 940 667 de
980 613 1210 669 Victoria
1244 620 1540 686 Imperatoris

224 709 298 756 sui
334 707 576 774 gratulari,
617 707 866 773 eidemque
902 705 1110 754 SACRA
1145 706 1341 755 Publica
1378 709 1539 756 decer-

226 812 336 841 nere
354 792 378 837 ⁶?
419 795 622 859 Corpus
657 793 815 858 itaque
840 792 926 840 hoc
950 792 1211 842 Julianum
1234 794 1410 841 Tribus
1430 795 1542 842 Suc-

226 896 442 929 cussanae
479 878 796 927 MILITARE
822 880 962 927 fuisse
983 917 996 939 ,
1016 879 1296 927 arbitramur
1324 919 1337 941 ,
1359 891 1411 929 ut
1432 882 1542 929 Tri-

225 970 313 1016 bus
352 967 561 1016 eiusdem
612 966 934 1032 Suco-ussanae
985 965 1322 1015 IVNIORVM
1375 985 1543 1032 corpus

227 1056 325 1103 sine
362 1054 508 1102 dubio
548 1054 830 1101 militaribus
858 1054 1220 1101 accensendum.
1248 1054 1545 1103 Immzmita-

229 1152 327 1190 tem
361 1150 601 1206 propterea
636 1159 733 1189 sex
773 1143 1126 1190 centuriarum
1160 1141 1218 1188 C.
1259 1142 1386 1189 Julio
1423 1141 1545 1189 Her·

228 1229 342 1275 meti
380 1228 620 1276 decretam
673 1225 1045 1275 MILITAREM
1082 1228 1349 1275 statuimus.
1413 1231 1549 1289 Quae

229 1315 389 1362 omnia
408 1314 698 1361 eruditorum
720 1313 964 1361 arbitratui
988 1315 1325 1378 permittimus,
1343 1331 1546 1379 quorum

228 1399 452 1462 iudicium
489 1410 534 1447 et
551 1401 685 1448 anxie
711 1409 1025 1466 expectamus,
1068 1419 1153 1448 nec
1172 1403 1271 1449 sine
1297 1405 1548 1467 gratiarum

233 1490 411 1536 actione
433 1524 448 1547 7
487 1499 536 1535 ut
572 1504 654 1553 par
690 1496 778 1546 est,
809 1488 984 1534 erimus
1009 1486 1261 1554 aliquando
1283 1490 1541 1555 excepturi.

301 1574 375 1622 De
412 1575 531 1621 notis
566 1573 774 1640 denique
823 1573 1160 1640 chronologicis
1204 1574 1506 1623 Coloniarum
1531 1613 1543 1634 ‚

233 1662 664 1726 Municipiorumve
689 1661 822 1726 plura
846 1659 1070 1708 adversus
1096 1661 1341 1709 Maffeium
1378 1662 1547 1726 dispu-

234 1759 326 1797 tata
350 1750 394 1795 in
432 1747 648 1795 vindiciis
687 1748 936 1794 Mai-moris
962 1747 1204 1795 Puteolani
1240 1786 1253 1808 ‚
1292 1752 1423 1815 cujus
1451 1749 1545 1795 ini-

236 1838 356 1883 tium
376 1844 444 1882 est
475 1855 486 1883 :
516 1836 564 1883 A
604 1834 816 1883 Colonia
864 1835 1084 1884 deducta
1111 1853 1124 1892 ;
1165 1850 1277 1901 quas
1314 1834 1502 1882 consule
1527 1870 1546 1897 ·>

237 1925 276 1970 Si
311 1931 441 1971 vacat
476 1922 575 1989 (1).
623 1922 762 1982 Nunc
796 1922 857 1969 ad
889 1939 987 1967 rem
1022 1922 1235 1968 eamdem
1280 1918 1552 1969 confirman-

239 2008 372 2067 dam,
398 2008 812 2074 aniplianclamque
848 2008 1036 2056 obviam
1070 2024 1117 2055 se
1141 2006 1222 2054 dat
1252 2007 1418 2054 titulus
1447 2007 1551 2053 Me-

240 2094 519 2142 diolanensis
545 2095 715 2143 relatus
754 2115 779 2143 a
815 2095 1050 2142 Fabrettio
1088 2094 1197 2160 (2),
1237 2097 1319 2160 qui
1355 2103 1424 2141 est
1459 2094 1555 2140 hu-

241 2179 446 2229 iusmodi
470 2199 482 2227 ε

354 2283 420 2336 (ι)
451 2283 731 2325 Illustrazione
760 2284 1038 2338 Apologetica
1077 2283 1142 2324 del
1173 2299 1325 2326 marmo
1354 2284 1552 2325 Puteola-

244 2371 296 2398 no
319 2388 329 2409 ‚
362 2372 424 2396 ee.

355 2430 417 2486 (α)
449 2430 546 2483 Pag-
582 2431 645 2484 73.
