1633 2802
1305 291 1364 338 91

65 373 292 430 corrupta.
321 359 664 430 Corrigendum
692 362 985 412 Vernostes.
1014 356 1154 406 Adde
1180 367 1224 405 et
1249 358 1375 406 aliud

65 453 208 503 Musis
245 449 609 517 elegantioribus
645 447 999 514 dignissimum.
1041 445 1164 493 Nam
1190 444 1373 492 nodum

63 538 282 606 praebent
322 536 467 602 siglae
519 533 774 581 nonnullae
829 532 1075 579 marmoris
1130 529 1372 579 cuiusdam

63 623 136 671 Cl.
176 621 381 669 Danielii
405 659 418 681 ‚
458 621 593 687 plone
631 620 1007 686 elegantissimi,
1061 618 1369 683 Pseltriaque‚

59 709 136 759 cui
169 707 445 757 dedicatum
474 744 488 768 ,
526 725 634 757 vere
671 706 823 773 digni.
863 707 986 753 Ecce
1022 705 1177 754 illud:

637 793 796 841 XIIII.

505 877 926 929 SEMPRONIAE

52 966 558 1018 ELEGANTIORIB.
600 965 898 1016 CHOREIS.
918 965 1367 1029 PSALLENDOQ.

470 1054 961 1104 PRAESTANTJSS

88 1141 276 1191 SVAE.
316 1141 573 1190 VlRIDIS.
616 1140 703 1190 IN.
746 1140 969 1189 MEDIO.
999 1141 1339 1190 IVVENTAE

144 1227 286 1276 PER.
330 1226 674 1276 CRVDELIA.
720 1227 906 1275 FATA.
958 1226 1282 1274 DIREPTAE

99 1313 328 1363 SODAL.
370 1313 456 1362 IV.
495 1313 629 1363 SIBI.
679 1313 999 1361 COHOORS.
1040 1313 1324 1362 DILECTA

388 1400 496 1460 DQ.
538 1401 607 1448 M.
651 1401 851 1448 MOER.
892 1401 961 1446 M.
1002 1401 1042 1447 P

121 1487 250 1535 Duas
286 1487 433 1536 lineas
468 1499 726 1554 postremas
785 1488 849 1534 sic
886 1487 1154 1535 reddendas
1213 1504 1373 1536 cense-

54 1591 196 1622 mus:
237 1572 458 1622 Sodales
493 1573 566 1622 vel
592 1573 824 1621 Sodalic.
849 1572 933 1619 lv.
963 1575 1057 1622 sibi
1086 1573 1280 1621 Cohors
1305 1573 1370 1619 di-

50 1662 186 1711 lecta
209 1697 222 1719 ‚
261 1660 423 1727 deque
459 1670 618 1708 morte
654 1668 936 1708 moerentes
975 1677 1189 1706 monum.
1248 1659 1370 1708 Pos.

117 1745 181 1794 At
218 1746 300 1814 qui
337 1745 501 1794 alienis
536 1746 788 1804 hactenus,
832 1745 984 1793 nullas
1021 1764 1146 1795 nunc
1200 1746 1371 1795 reculis

51 1833 221 1884 nostris
257 1834 494 1898 suppetias
533 1833 828 1881 afferemus?
865 1834 1025 1900 Egent
1057 1833 1143 1882 hae
1179 1833 1374 1899 quidem

51 1938 139 1986 pro
174 1921 402 1985 temporis
440 1921 795 1969 circumstantia
831 1921 880 1967 in
917 1937 1012 1967 uno
1037 1958 1051 1981 ‚
1093 1923 1167 1968 cui
1190 1938 1275 1987 pro
1301 1921 1373 1968 vi-

52 2005 184 2053 ribus
221 2006 604 2054 succurrendum.
647 2005 700 2052 In
739 2007 1106 2055 Commentariis
1165 2011 1372 2069 superio-

51 2092 183 2141 ribus
220 2093 310 2141 VI.
350 2101 395 2140 et
429 2092 538 2140 VII.
578 2094 760 2159 prolixe
797 2103 952 2141 actum
977 2094 1036 2142 de
1060 2094 1372 2144 celeberrimis

53 2179 387 2245 Pompeiorum
426 2181 580 2248 -siglis
639 2182 698 2228 D.
758 2182 819 2226 V.
861 2181 922 2225 V.
964 2180 1024 2227 A.
1064 2179 1115 2226 S.
1158 2181 1212 2226 P.
1270 2180 1325 2226 P.
1352 2221 1366 2243 ‚

56 2265 228 2329 qulbus
264 2268 417 2314 variae
455 2284 536 2332 per
573 2284 656 2314 nos
680 2305 693 2327 ,
736 2284 817 2314 nec
858 2269 1050 2314 omnino
1099 2268 1327 2335 gratuitae
1354 2306 1371 2329 ,

60 2351 294 2400 subiectae
330 2353 733 2419 interpretationes
755 2391 768 2414 ,
810 2370 927 2420 quas
949 2392 962 2415 ,
1001 2355 1085 2419 qui
1120 2364 1243 2402 recte
1269 2371 1373 2420 per-

59 2437 310 2501 penderit,
348 2441 397 2487 in
434 2457 586 2490 unum
635 2440 730 2488 fere
791 2457 952 2489 omnes
1011 2439 1164 2489 redire
1186 2477 1199 2503 ‚
1237 2440 1370 2489 facile
