1633 2802
226 161 294 208 28

221 245 297 306 ti-,
336 243 730 314 Magistratuum‚
767 256 813 295 et
850 247 1167 297 Decurionum
1208 254 1431 312 nomine,
1488 254 1551 302 a&

219 329 487 380 Curiatium
509 330 748 383 Cosanum
767 370 779 391 ‚
817 335 900 400 qui
926 335 1152 384 Curalor
1183 346 1283 385 erat
1309 375 1321 396 ‚
1360 348 1405 386 et
1441 347 1557 387 tunc

218 419 441 485 temporis
476 418 695 468 Ameriae
729 419 963 488 degebat,
1001 440 1106 489 qua
1144 423 1205 471 de
1241 441 1326 472 suo
1363 442 1556 473 consen-

217 523 272 553 su
305 507 353 553 in
388 505 586 555 Vesbini
621 506 908 557 voluntatem
938 531 963 569 ‚¹
1002 509 1420 578 Decurionumque
1475 512 1557 560 de-

214 603 396 642 cretum
430 604 707 663 rogaretur,
760 595 927 645 addito
958 635 971 657 ‚
1021 614 1107 646 an*
1128 601 1182 645 in
1217 597 1315 647 koc-
1354 615 1554 666 qaoque

215 695 560 732 consensurus·
605 695 732 734 esset
753 721 766 743 ,
822 694 874 733 ιιι
912 680 1081 733 Locus
1128 682 1281 735 datus
1315 685 1554 752 reipubli-

215 786 311 819 cae
361 773 414 816 in
454 787 548 818 usu
593 788 688 819 non
731 782 859 821 esset
885 809 900 832 ,
951 787 1045 822 nec·
1087 773 1192 820 allo
1227 772 1413 822 reditw
1444 791 1553 823 esse

214 862 416 922 possit:
456 856 612 917 idest,
670 875 753 905 nec
788 869 845 905 e‘o
883 865 1096 924 tempore
1135 857 1222 905 ulli
1260 857 1554 924 reipublicae

215 943 321 990 usui
357 943 641 1003 inserviret,
681 961 768 992 nec
804 942 1124 991 emolumento
1168 943 1270 992 ullo
1309 946 1355 991 in
1398 942 1553 1011 poste-

214 1046 325 1076 rum
361 1046 460 1078 esse
494 1038 663 1096 posset.
709 1030 837 1079 Haec
876 1030 938 1078 ad
962 1046 1114 1095 usque
1150 1029 1291 1079 verba
1315 1029 1396 1078 illa
1426 1028 1551 1079 Em-

216 1116 485 1169 STVLAM
524 1116 739 1166 MITTI.
780 1134 943 1166 versus
988 1117 1070 1164 13.

284 1205 333 1252 3.
374 1203 576 1252 Nomina
609 1185 790 1253 ‘deinde
826 1202 1185 1252 subscribuntur
1236 1219 1429 1259 eorum,
1473 1205 1553 1268 qui

215 1291 408 1340 consilio
431 1329 444 1351 ,
483 1292 581 1340 sive
619 1292 842 1350 Curiae,
882 1288 1239 1337 adfuerunt-IN
1285 1287 1548 1335 CVRIAM

213 1378 548 1427 FVERVNT.
591 1395 685 1444 quo
721 1376 824 1424 loco
860 1375 1098 1423 notandus
1136 1373 1393 1423 accusandi*
1416 1390 1548 1422 casus

215 1467 470 1515 attributus
506 1464 840 1531 praepositioni
879 1462 950 1510 IN
974 1480 987 1521 ;
1029 1479 1140 1509 cum
1179 1461 1239 1508 de
1261 1460 1546 1527 Statu-aga·

211 1563 303 1601 tur.
345 1553 527 1602 Novem
565 1552 753 1600 omnino
790 1549 961 1597 Curiae
998 1547 1254 1594 adfuerunt
1278 1584 1290 1604 ,
1343 1548 1391 1594 in
1412 1547 1543 1612 '‘qui-

213 1640 303 1687 bus
340 1638 638 1706 praefulgent
664 1637 733 1683 M.
776 1633 1003 1694 Pontius,
1042 1634 1313 1691 Dic-tuton
1339 1632 1396 1680 C.
1426 1630 1545 1679 Sue-

213 1728 372 1774 tonius
394 1764 406 1783 ,
465 1720 659 1774 Aedilis
694 1722 1050 1778 iuridicundo;
1110 1728 1155 1767 et
1191 1718 1258 1765 M.
1313 1716 1544 1783 Lepidius

217 1816 371 1881 Nepos
393 1853 407 1876 ‚
445 1814 644 1862 Aedilis
680 1827 915 1860 annonae
947 1847 959 1867 ,
1009 1806 1219 1873 intellige
1255 1805 1539 1852 Caeretano-

214 1923 321 1951 rum
354 1925 365 1952 ι
407 1901 574 1951 caeteri
609 1898 897 1946 Decuriones
934 1894 1071 1943 meri.
1111 1891 1215 1940 Iam
1249 1892 1393 1940 finem
1432 1891 1541 1938 atti-

215 1992 371 2057 gimus
409 2003 569 2037 versus
617 1986 689 2044 14.

283 2077 331 2136 4.
360 2073 582 2140 Sequitur
606 2071 857 2137 descriptio
877 2066 1110 2134 Epistolae
1137 2064 1504 2130 Magistratuum
1525 2098 1541 2120 ,

214 2172 259 2209 et
293 2163 614 2210 Decurionum
670 2160 730 2206 ad.
783 2156 1043 2205 Curiatium
1103 2151 1340 2200 Cosanum
1370 2187 1380 2206 ,
1423 2164 1542 2214 quae

215 2249 319 2298 data
358 2248 526 2296 Idibus
563 2246 796 2314 Augusti,
843 2242 966 2290 idest.
1029 2255 1183 2286 mense
1244 2238 1380 2284 tertio
1438 2241 1541 2297 post

213 2336 599 2401 Corrogationem
646 2332 999 2388 Decurionum,
1050 2327 1350 2390 ipsorumque
1390 2335 1541 2366 acces-
