1633 2802
250 277 308 308 ιο

312 345 524 397 Ultimus
558 346 704 412 igitur
739 343 947 410 coniugii
997 342 1093 391 Sol
1127 343 1283 396 illuxit
1319 344 1504 413 puellae
1531 382 1548 405 ,

240 450 335 483 nee
368 442 533 482 tamen
567 435 765 481 omnino
791 468 806 493 ,
861 429 1071 498 intellige
1105 436 1239 482 visas
1264 470 1283 494 ,
1334 431 1468 499 quod
1504 441 1552 482 et

233 518 484 570 Kalendis
519 520 703 586 quintis
739 518 880 566 etiam
905 553 922 580 ‚
961 526 1072 566 noto
1108 518 1303 586 ellypsis
1335 536 1505 587 genere
1531 556 1550 582 ,

232 605 496 654 subaudias.
558 602 708 654 Visus
760 604 919 671 itaque
950 603 1048 655 Sol
1061 643 1077 666 ,
1112 606 1198 656 sed
1253 624 1349 657 non
1383 619 1551 660 tamen

229 696 427 742 omnino
444 729 461 753 ,
513 689 636 739 idest
670 708 821 740 cursa
871 690 1101 742 absoluto
1129 729 1144 754 ,
1199 699 1354 759 quem‘
1386 711 1544 746 saeva

231 796 356 828 mors
392 777 662 843 intercepit:
712 782 846 829 visae
882 777 998 825 item
1030 778 1301 831 Kalendae
1335 784 1549 848 quintae-

228 864 433 930 coniugii
461 900 474 922 ,
528 862 650 911 idest
700 862 779 912 vix
813 861 1056 912 inchoatae
1083 901 1100 925 ‚
1150 882 1242 912 non
1278 864 1543 918 absolutae.

227 951 463 1000 Kalendas
500 950 602 998 heic
627 959 872 998 enumerat
892 949 1051 1016 puella
1075 968 1100 998 a
1124 953 1282 1016 primo
1305 951 1413 1002 initi
1435 969 1545 1001 con-

227 1039 346 1107 iugii
380 1048 590 1105 tempore
611 1074 624 1098 ‚
662 1036 827 1085 ordine
863 1037 1078 1104 sequenti
1108 1055 1121 1086 z

227 1124 463 1172 Kalendae
516 1123 555 1172 Ι.
596 1122 804 1190 coniugii
843 1141 858 1170 τ
900 1140 914 1172 =
955 1121 1055 1172 dies
1106 1124 1257 1189 prima
1312 1125 1427 1173 anni
1479 1123 1543 1173 13

296 1209 497 1275 puellae.

223 1294 461 1343 Kalendae
497 1294 564 1341 ΙΙ.
605 1293 857 1360 coniugii:
899 1308 913 1340 z
942 1290 1043 1340 dies
1078 1293 1230 1359 prima
1266 1284 1381 1344 anni'
1421 1294 1498 1355 14.

220 1381 460 1432 Kalendae
494 1378 588 1429 III.
627 1379 871 1446 coniugii:
919 1397 934 1428 ε
971 1379 1071 1428 dies
1107 1379 1259 1446 prima
1295 1382 1405 1428 anni
1450 1381 1528 1429 15.

221 1466 460 1516 Kalendae
496 1465 582 1514 IV.
622 1464 870 1531 coniugii:
913 1485 926 1515 z
966 1465 1065 1515 dies
1100 1469 1253 1535 prima
1287 1469 1398 1516 anni
1453 1468 1530 1517 16.

220 1553 461 1603 Kalendae
498 1553 561 1600 V.
601 1554 806 1622 coniugii
846 1572 858 1602 t
904 1572 916 1602 ε
954 1552 1056 1601 dies
1091 1555 1241 1619 prima
1276 1554 1386 1603 anni
1430 1572 1533 1623 ¹73

289 1659 383 1709 quo
418 1649 631 1706 tempore
664 1641 760 1688 fato
797 1643 1031 1689 concessit.

319 1729 369 1776 5.
413 1728 612 1779 Annam
648 1733 796 1795 igitur
819 1745 995 1777 nosces
1031 1738 1229 1778 sextam
1263 1726 1528 1777 decimam

218 1835 310 1883 que
329 1812 498 1884 faisse
519 1853 534 1876 ,

218 1903 377 1967 Quem
411 1906 538 1954 vitae
554 1903 719 1966 finem
768 1901 885 1951 mihi
899 1901 1030 1967 fata
1046 1900 1222 1966 fuisse
1257 1900 1523 1951 dederant.

217 1989 388 2053 Nupsit
421 1987 658 2053 siquidem
680 2028 695 2050 ‚
731 2006 851 2036 anno
888 1987 1076 2053 expleto
1102 1986 1411 2046 duodecimO,
1434 1996 1524 2035 ter-

213 2078 332 2128 tium
369 2092 505 2142 supra
541 2076 779 2125 decimum
813 2076 894 2125 vix
929 2074 1131 2141 ingressa
1159 2111 1171 2132 ‚
1212 2090 1358 2140 quem
1395 2072 1522 2120 Con-

211 2163 330 2230 iugii
349 2172 478 2212 vocat
500 2163 763 2213 Kalendas
789 2167 978 2227 primas
1004 2198 1019 2222 ,
1046 2159 1262 2228 adeoque
1284 2161 1391 2208 fecit
1414 2177 1519 2208 cum

207 2251 309 2298 viro
342 2266 425 2297 suo
446 2259 645 2315 quatuor
667 2251 870 2317 integros
895 2266 1040 2297 annos
1063 2284 1077 2308 ‚
1115 2247 1376 2314 degustatis
1402 2245 1517 2295 Ka-

210 2334 373 2384 lendis
407 2340 588 2402 quintis
613 2374 628 2398 ‚
683 2354 801 2403 quae
838 2335 1029 2382 initium
1083 2334 1316 2385 dederant
1350 2332 1514 2382 aetatis

212 2439 333 2468 anno
373 2421 568 2489 septimo
604 2439 740 2488 supra
776 2421 1032 2472 decimum.
