1633 2802
83 271 224 323 Nunc
259 266 317 315 ad
351 283 449 315 rem
488 265 770 332 propositam
806 265 933 332 quod
992 264 1230 334 pertinen,
1274 195 1398 310 affi‘l?

83 376 210 406 mare
242 355 434 402 minime
468 370 690 402 veremur
712 389 728 414 ‚
765 352 959 400 Maffeio
982 391 995 414 ‚
1035 353 1072 399 si
1099 349 1292 398 titulum
1329 351 1398 397 in-

85 445 220 492 tuitus
255 449 406 499 esset,
444 439 753 486 dubitationis
790 456 953 488 omnes
990 439 1207 486 tenebras
1263 438 1395 485 futu-

84 547 185 580 rum
219 528 359 576 fuisse
416 535 471 573 ut
505 526 886 593 dispellerentur.
926 525 1079 573 Tanta
1115 525 1257 592 Gippi
1293 542 1402 575 mo-

85 616 150 663 les
173 651 186 674 ,
224 613 567 679 artificiumque
602 612 722 659 mira
756 629 868 660 cum
920 613 1223 678 simplicitate
1282 628 1394 659 con-

89 701 330 748 iunctum!
369 699 564 748 Titulus
601 699 716 746 alter
742 735 759 759 ,
817 697 879 746 de
914 714 1009 764 quo
1052 697 1211 764 paullo
1248 714 1388 764 supra

88 789 477 843 memoravimus,
518 785 658 834 huius
680 784 819 850 plane
841 784 1140 843 simillimus,
1169 793 1225 832 ut
1256 802 1397 833 ovum

89 891 178 923 ovo
214 872 416 920 similius
450 889 550 920 esse
586 880 803 938 nequeat.
843 872 1072 932 Quocirca
1107 879 1188 919 aut
1221 870 1397 918 admit-

83 957 252 1007 tendus
288 958 402 1007 alter
424 996 438 1019 ,
474 968 559 1007 aut
595 967 789 1025 uterque
823 956 1103 1006 reiiciendus
1142 956 1312 1006 iisdem
1337 955 1400 1003 de

81 1045 273 1093 caussis.

663 1127 802 1178 VIII.

387 1214 759 1266 FORTVNAE.
820 1213 1063 1264 REDVCI

551 1302 712 1351 DOM.
753 1303 913 1353 AVG.

606 1389 871 1438 SACRVM

285 1475 453 1526 TRIB.
494 1474 636 1525 SVC.
676 1476 863 1526 CORP.
905 1475 1161 1524 FOEDER

78 1561 1098 1607 M.ALLIVS.TYRANNVS.C.FVRINIVS.
1123 1560 1398 1606 FAVSTVS

173 1644 230 1692 P.
269 1644 310 1693 F
314 1639 570 1689 VLVIVS.
610 1640 924 1690 PHOEBVS.
966 1641 1208 1690 AVRAR.
1249 1642 1306 1688 L.

394 1728 744 1778 VENONIVS.
787 1728 1068 1778 ZOSIMVS

307 1815 636 1865 IMMVNES.
676 1815 1041 1864 PERPETVO.
1079 1814 1170 1863 DD

152 1902 294 1951 Extat
327 1903 471 1950 etiam
507 1919 636 1950 nunc
662 1938 677 1960 .,
716 1901 1015 1967 occurritque
1062 1900 1192 1966 apud
1230 1900 1403 1949 Grute-

87 2007 192 2038 rum
225 1990 337 2056 (1),
375 1988 459 2038 sed
484 1988 670 2038 mendis
697 1997 876 2037 scatens
903 1988 1159 2035 innumeris
1178 2026 1192 2049 ,
1231 1988 1402 2054 cip'pns

86 2075 259 2143 oppido
295 2078 459 2144 ingens
521 2075 583 2125 de
619 2076 779 2126 Tribu
815 2075 938 2125 Sue.
1003 2074 1262 2125 Iuniorum
1285 2114 1300 2137 ‚
1340 2075 1401 2123 ad

88 2164 223 2212 cuius
258 2162 403 2211 latera
458 2162 688 2228 insculpta
744 2161 933 2210 nomina
970 2161 1180 2210 Militum
1218 2162 1402 2210 Centu-

198 2335 261 2388 (1)
291 2334 391 2388 Peg.
424 2333 518 2386 ²4⁰·
