1633 2802
248 240 308 290 72

244 314 365 361 tatis
401 309 669 360 deductum
700 351 715 374 ‚
753 332 871 381 quae
910 315 1333 366 Circumscribenda
1371 336 1429 367 ex
1454 338 1561 386 per-

243 415 462 447 sonarum
499 406 620 447 statu
647 439 660 461 ‚
700 418 751 448 ac
801 402 1073 451 conditione
1102 441 1117 464 ,
1154 405 1328 471 quibus
1377 424 1429 454 ea
1477 406 1565 455 de-

242 486 461 531 cernitur.
502 486 581 532 Sic
619 485 869 537 Immunes
903 490 1297 556 Dendrophor‘i,
1336 493 1415 559 qui
1453 509 1563 539 mu-

242 570 464 629 neribus,
505 573 822 637 oneribusque
878 586 1045 623 vacant
1080 577 1295 644 Corporis
1343 578 1561 625 Dendro-

240 658 477 724 phorum;
519 668 565 706 et
601 661 851 709 Veterani
901 668 1170 723 immunes,
1209 666 1246 712 si
1283 664 1343 713 de
1396 664 1565 713 militi-

239 744 331 792 bus
385 755 580 810 agatur,
622 747 655 792 ii
705 756 848 808 sunt,
887 750 972 814 qui
1027 751 1306 799 muneribus
1364 751 1562 799 militiae

239 840 390 879 vacat.
433 831 532 878 Nec
567 833 671 879 unis
708 834 898 882 militiae
934 836 1149 883 oneribus
1197 838 1427 886 vacabant
1461 837 1560 884 Ve-

239 919 405 965 terani.
466 918 721 969 Immunes
779 922 920 968 etiam
978 931 1107 969 erant
1154 927 1394 987 portoria&
1417 960 1431 983 ‚
1469 924 1563 971 nisi

241 1005 604 1052 mercimonium
642 1017 924 1064 exercerent.
947 1008 1092 1070 Quod
1117 1008 1213 1056 illis
1237 1009 1558 1077 privileg-ium,

242 1101 295 1138 ut
332 1091 522 1139 Tacitus
557 1092 697 1140 refert
722 1093 830 1158 (1),
870 1095 1070 1143 Neronis
1107 1094 1292 1143 decreto
1317 1097 1564 1146 confirma-

241 1187 376 1225 tum:
419 1178 661 1228 Militibus
698 1178 1074 1229 IMMVNITAS
1109 1192 1425 1244 servaretur,
1466 1187 1565 1240 nisi

240 1270 292 1313 in
332 1267 422 1323 iis,
462 1284 590 1334 quae
627 1284 784 1316 vaeno
821 1277 1142 1315 exercerent.
1173 1266 1230 1313 C.
1260 1265 1381 1313 Iulio
1417 1269 1564 1334 igitur

242 1351 430 1400 decreta
467 1357 743 1401 immunitas
778 1371 804 1400 a
839 1354 1042 1414 muniis,
1081 1354 1431 1419 oneribusque,
1458 1356 1564 1420 qui-

241 1439 330 1487 bus
368 1457 449 1487 sex
485 1426 813 1488 Centuriarum
873 1439 1088 1488 homines
1124 1440 1343 1506 Corporis
1395 1440 1565 1490 Iuliani

241 1536 374 1574 erant
433 1526 644 1574 obnoxii.
684 1525 1000 1584 Quamobrem
1059 1527 1300 1591 probanda
1364 1527 1567 1573 minime

243 1612 431 1663 videtur
465 1613 957 1661 Fabrettii'sententia
980 1648 994 1671 ‚
1033 1614 1118 1678 qui
1157 1613 1414 1662 Immunes
1448 1630 1566 1679 per-

238 1711 416 1766 petuos
453 1700 589 1766 Gippi
649 1699 838 1746 alterius
887 1698 1193 1764 anesiani,
1252 1717 1396 1766 quem
1456 1716 1566 1747 mox

242 1787 567 1851 proferemus,
608 1803 683 1833 eos
719 1787 1039 1851 interpretatur
1064 1823 1076 1844 ,
1115 1785 1288 1851 quibus
1320 1798 1567 1852 perpetua

242 1890 399 1920 sacra
418 1872 666 1938 faciendi
700 1872 924 1936 permissa
960 1871 1194 1930 facultas;
1240 1873 1373 1937 quod
1410 1871 1566 1937 profe-

245 1968 355 2015 cto,
398 1976 489 2004 non
526 1963 838 2007 immunitatis
892 1957 1195 2024 privilegium
1221 1995 1233 2016 ,
1275 1958 1357 2005 sed
1412 1958 1567 2006 maxi-

243 2047 309 2093 mi
349 2050 519 2095 oneris
554 2063 725 2092 munus
761 2044 1052 2093 censendum
1088 2034 1195 2110 (2).‘

315 2132 410 2180 Sed
446 2133 758 2197 perseverabit
810 2135 917 2199 quis
971 2134 1196 2194 fortasse,
1249 2129 1561 2196 rogabitque,

356 2321 417 2374 (ι)
449 2320 597 2360 Annal.
629 2320 719 2362 Lib.
752 2319 866 2361 XIII.

359 2392 425 2446 (2)
455 2392 556 2445 Ρῢε-
589 2391 682 2445 449-
