1633 2802
236 294 295 354 14

225 378 469 424 marmoris
506 378 649 442 ipsius
685 374 832 424 veluti
872 374 1096 423 nucleum
1148 384 1366 441 petamus
1396 414 1410 434 ‚
1449 376 1542 423 d-if-

227 462 368 510 fracto
403 465 446 508 in
488 470 637 526 partes
670 462 862 508 cortice.

303 565 347 593 ι.
388 546 544 593 Prima
578 556 684 612 pars
710 547 913 594 excurrit
951 545 1012 595 ad
1037 565 1200 597 vocem
1224 564 1374 615 usque
1411 548 1541 595 REI.

228 632 563 682 FRVMENT.
599 631 763 682 'versus
800 636 974 698 quarti,
1013 633 1300 702 Patronique
1335 633 1544 683 Munici-

231 723 300 788 pii
318 721 515 769 honores
535 737 700 769 omnes
719 721 1031 787 prosequitur.
1052 717 1162 769 Fuit
1181 722 1338 789 itaque
1360 721 1424 770 T.
1444 716 1552 770 Fla-

235 810 340 858 vius
363 846 374 867 ,
415 807 515 855 Titi
552 804 742 866 Filius,
773 803 927 856 Tribu
963 804 1140 867 Fabia,
1178 808 1427 869 Silvanus,
1470 808 1556 856 Pa-

234 904 396 945 tronus
432 896 677 960 Municipii
715 895 926 942 Eburici.
967 893 1218 944 Patronis
1271 905 1424 943 autem
1462 896 1555 961 pri—

239 1000 375 1031 mum
433 985 479 1031 in
521 976 641 1030 Albo
680 979 847 1030 Curiae
882 982 1037 1030 locum
1061 1021 1073 1041 ‚
1114 983 1306 1031 honoris
1360 999 1517 1031 caussa
1541 1020 1557 1042 ‚

235 1070 376 1119 fuisse
430 1070 746 1137 assignatum,
805 1070 1020 1137 ignorare
1073 1087 1213 1117 nemo
1266 1078 1431 1136 potest.
1481 1068 1561 1117 Ad

235 1155 351 1202 haec
378 1173 397 1203 ι
441 1155 562 1204 IIvir
619 1157 824 1217 iterum,
880 1155 1093 1223 intellige
1129 1155 1240 1204 Inri
1295 1156 1558 1205 dicundo:

239 1257 353 1289 nam
389 1242 429 1288 si
467 1250 572 1289 nota
609 1243 854 1290 numerica
889 1241 957 1288 II.
999 1242 1061 1290 ad
1099 1242 1371 1294 IIviratum
1406 1230 1564 1308 Quin-

237 1326 522 1393 quennalem
559 1338 677 1378 esset
714 1327 1032 1385 traducenda,
1076 1346 1188 1376 eum
1224 1329 1322 1377 dici
1346 1330 1565 1394 oportue-

242 1422 313 1459 rat
369 1431 462 1462 non
500 1413 708 1466 IIvirum
740 1415 821 1464 II.
864 1415 983 1482 QQ.
1025 1416 1111 1464 sed
1147 1415 1300 1467 IIvir.
1343 1417 1454 1477 QQ.
1495 1417 1559 1463 ΙΙ.

243 1499 424 1547 Auctus
482 1508 718 1565 praeterea
756 1502 1242 1566 Quinquennalitate
1295 1499 1480 1554 semel,
1524 1509 1569 1546 et

248 1583 544 1654 Quae-stura
595 1580 801 1647 Arkae,
859 1586 1026 1652 utique
1080 1588 1254 1643 Fisci,
1312 1586 1396 1633 sed
1451 1605 1568 1651 quae

244 1673 426 1733 Eburi,
468 1691 561 1721 non
600 1674 809 1734 Romae,
850 1672 1303 1733 administrabatur,
1343 1683 1386 1719 et
1428 1675 1567 1722 Cur-a

246 1760 463 1827 denique
499 1765 569 1809 rei
607 1753 991 1810 Frzcmentari'ae
1019 1796 1030 1817 ‚
1069 1776 1148 1806 seu
1199 1777 1406 1807 annonae
1442 1759 1572 1805 Ebu-

244 1848 408 1908 ricae,
448 1863 540 1895 non
596 1862 830 1895 romanae.
872 1845 995 1894 Nam
1048 1848 1128 1911 qui
1182 1863 1401 1894 romanae
1460 1847 1571 1893 olim

250 1950 460 1981 annonae
486 1942 732 2000 praeerant
754 1971 766 1993 ,
806 1934 856 1981 hi
875 1933 1154 1982 dicebantur
1179 1935 1442 2000 Praefecti
1480 1952 1571 1981 αη-

251 2031 447 2080 nonae,
488 2031 535 2068 et
572 2021 921 2087 Magistratibus
958 2021 1350 2068 Extraordinariis
1411 2039 1568 2069 accen-

253 2104 492 2152 sebantur.
514 2107 769 2173 Postquam
789 2117 949 2156 autem
969 2107 1190 2174 placitum
1213 2109 1445 2177 AugustO,
1478 2109 1571 2155 Or·-

254 2187 487 2239 dinarios
526 2193 764 2241 instituere
800 2194 1099 2260 Magistratus
1134 2188 1432 2251 huiusmodi,
1474 2195 1574 2242 Cu-

255 2287 447 2326 ratores
483 2278 704 2344 appellati
740 2274 998 2328 Frumenti
1033 2280 1218 2344 populo
1279 2281 1537 2332 dividunda*
1556 2320 1570 2341 ‚

255 2372 306 2409 ut
341 2362 592 2412 Suetonius
628 2365 769 2412 tradit
804 2365 890 2431 (a).

859 2491 992 2505 -ῌ

369 2553 434 2606 (1¹)
465 2554 506 2592 ln
539 2553 684 2595 Octav.
720 2554 820 2607 Cap.
855 2553 1072 2593 XXXVH.
