1633 2802
1292 245 1356 303 45

43 349 102 380 -re
136 333 337 384 videtur.
375 332 508 378 Anne
544 326 948 379 Testamentum?
986 325 1037 375 id
1071 328 1170 377 veri
1205 327 1361 376 simile

52 420 234 467 videtur
260 456 274 479 ,
313 418 350 464 si
385 425 490 463 nota
526 415 762 464 numerica
815 415 1027 464 habenda
1065 416 1126 462 sit
1178 415 1359 482 cyphra

51 507 352 571 subsequens.
393 502 627 550 XXXIII.
670 503 752 560 N3
794 511 846 549 ut
896 519 1053 550 sensus
1090 503 1182 560 sit,
1238 501 1358 548 hanc

49 609 270 642 summam
306 600 584 639 testamento
626 608 649 636 a
688 589 916 638 Paneritio
954 589 1246 657 adsignatam
1295 590 1353 638 C.

48 677 286 726 Postumio
339 676 564 736 Valenti,
601 676 798 724 -Heredi
835 676 977 741 priori
1008 713 1019 733 ,
1060 685 1106 724 et
1142 677 1210 723 M.
1251 676 1358 724 Pla-

46 763 191 810 rentio
225 762 397 811 Sirioni
420 802 433 824 ,
476 763 654 811 Heredi
704 762 967 812 Substituto
995 801 1010 825 ‚
1053 772 1098 810 et
1132 763 1357 811 Procura-

46 851 160 897 tori..
215 850 402 909 Quibus
464 851 659 917 positis,
719 850 783 897 sic
837 849 1005 897 titulus
1060 849 1355 898 extricandus

42 935 230 987 videtur
255 956 269 987 t

445 1084 448 1090 „
609 1024 676 1071 D.
716 1025 788 1072 M.

421 1109 486 1176 Q.
526 1110 778 1160 Panentii.
823 1111 982 1177 Quinc

327 1201 449 1244 iani.
491 1197 599 1245 Ml.
644 1198 724 1246 Cl.
765 1199 853 1247 Pr.
895 1200 1069 1247 Rauen

96 1279 189 1328 III.
212 1280 487 1349 Aesculap.
526 1282 649 1333 Nat.
676 1285 790 1332 Del.
816 1283 949 1334 Test.
972 1283 1208 1334 XXXIII.
1238 1285 1284 1335 N

373 1369 434 1417 C.
476 1368 775 1419 Postumius.
820 1370 1012 1420 Valens

320 1454 485 1504 Prior.
526 1457 704 1506 Heres.
746 1467 809 1507 et.
850 1457 921 1506 M.
961 1458 1063 1507 Pla

505 1547 709 1592 rentius.
748 1542 881 1592 Sirio

254 1624 293 1673 S
298 1628 515 1677 ubstimt.
557 1640 623 1679 et.
665 1630 880 1679 Procur.
920 1629 1133 1680 Merenti

105 1709 167 1757 Et
201 1713 385 1777 quando
420 1714 481 1764 de
518 1714 762 1764 Heredum
798 1715 961 1764 ordine
998 1733 1149 1764 sermo
1184 1724 1252 1764 est
1276 1718 1347 1765 in-

37 1795 227 1844 stitutus
250 1836 264 1858 .,
305 1798 366 1847 ad
399 1818 501 1848 rem
524 1800 683 1867 prodit
717 1801 881 1848 titulus
907 1800 1216 1851 Gruterianus
1244 1801 1344 1867 (1),

37 1880 128 1929 levi
166 1883 378 1950 indigens
414 1887 645 1935 medicina
684 1888 743 1934 ob
777 1885 952 1937 vulnus
987 1907 1012 1937 a
1047 1888 1345 1957 quadratario

36 1963 284 2015 inflictum.

143 2408 204 2462 (ι)
237 2411 337 2465 Pag.
372 2414 461 2469 569.
497 2431 538 2455 υ.
576 2431 639 2458 10.
