1633 2802
1286 251 1350 317 47

40 346 130 393 NO
167 346 348 391 sortasse
387 342 500 390 Col.
543 341 586 388 C
607 337 749 395 lecal,
767 339 823 387 V
820 342 980 387 irano.
1036 339 1114 384 De
1155 340 1352 389 Vimine

39 434 162 480 Vide
199 431 450 478 Gruterum
490 426 583 492 (1).
624 426 860 473 Hactenus
897 425 1089 473 nullum
1126 427 1230 474 viae
1267 425 1354 470 ini-

37 518 373 583 pedimentum.
423 515 682 561 Luetamen
718 512 943 576 praebent
980 513 1122 560 verba
1177 510 1255 557 illa
1292 508 1354 556 ad.

38 605 119 651 fin.
158 619 276 651 vers,
315 619 367 665 9.
408 599 625 648 SECVS.
669 599 902 646 HERES.

106 691 264 737 Haesit
299 689 361 736 ad
397 690 510 735 haee
531 689 733 755 Magnus
768 686 1084 746 Muratorius,
1114 685 1354 732 haesimus

36 787 82 824 et
116 794 214 823 nos.
265 774 365 822 Sed
399 775 526 823 viam
585 774 748 821 stravit
783 773 1022 821 Aurelius
1059 771 1353 829 Aurianus,

29 862 290 910 Secundus
316 861 506 919 Heres,
543 858 674 924 apud
696 858 994 906 Fabrettium
1018 856 1117 923 (2).
1148 857 1274 923 Ergo
1301 855 1352 901 in

31 949 265 994 Marmore
293 955 447 994 nostro
474 946 669 994 SECVS
698 945 1021 994 recudendum
1069 954 1136 992 est
1176 945 1227 990 in
1252 942 1355 989 SE-

31 1033 310 1082 CVNDVS.
349 1033 420 1080 De
446 1033 646 1082 Herede
683 1033 891 1081 secundo
914 1033 1111 1098 insignis
1147 1038 1216 1078 est
1255 1028 1355 1076 Ho-

30 1121 133 1168 ratii
170 1120 303 1169 locus
341 1119 443 1186 (3).

97 1211 156 1257 Si
191 1213 273 1256 cui
304 1220 567 1275 praeterea
603 1209 798 1258 validus
834 1208 964 1255 male
980 1208 1136 1270 filius
1171 1210 1222 1253 in
1261 1223 1319 1253 re

98 1295 382 1343 Praeclare
418 1294 649 1343 sublatus
685 1298 884 1355 aletur,
922 1312 982 1344 ne
1017 1294 1332 1358 marzffeslzcriz

101 1384 328 1433 Caelibc's
353 1381 635 1449 obsequium
657 1383 812 1432 nudet
839 1394 884 1431 te
903 1420 917 1443 ,
939 1384 1118 1431 leniter
1137 1386 1189 1429 in
1214 1400 1351 1446 spem

94 1470 295 1536 Arrepe
313 1467 586 1534 officiosus,
608 1481 661 1518 ut
684 1483 730 1519 et
752 1471 972 1520 scribare
999 1466 1341 1517 SECVNDVS

101 1557 328 1607 HERES.

98 1645 225 1693 Haec
260 1646 352 1693 iam
406 1648 767 1712 scripseramus,
807 1661 915 1691 cum
974 1644 1022 1690 in
1083 1641 1344 1690 Clarissimi

30 1730 219 1778 Marinii
280 1732 441 1781 locum
512 1733 765 1782 incidimus
793 1768 806 1790 ,
844 1732 890 1777 in
939 1748 1033 1796 quo
1057 1729 1339 1778 iamdudum

27 1828 365 1883 praeoccupata
401 1819 518 1867 haec
555 1819 714 1867 omnia
751 1827 937 1877 nostra,
977 1834 1068 1863 non
1093 1817 1192 1863 sine
1228 1834 1328 1882 gra·

26 1904 64 1950 ti
99 1905 243 1951 animi
280 1923 416 1953 sensu
439 1945 453 1967 ,
492 1906 707 1973 legimus.
748 1904 1010 1951 Veritatem
1063 1903 1190 1951 enim
1238 1902 1340 1948 sine

25 1990 131 2037 fuco
167 1993 402 2057 quaerenti
440 1993 635 2058 perinde
671 2000 912 2056 acceptum
965 1998 1063 2050 est,
1114 1990 1212 2037 sive
1250 1986 1337 2034 do-

25 2078 118 2123 ceri
155 2096 262 2124 cum
301 2097 326 2125 a
365 2079 475 2126 viris
501 2079 649 2126 doctis
686 2078 956 2144 contingat,
996 2077 1091 2129 sive
1135 2077 1232 2143 ipse
1255 2092 1340 2140 pei*

142 2283 209 2336 (ι)
238 2283 338 2335 Pag.
380 2285 472 2325 108.
506 2301 544 2324 ιι.
582 2303 619 2340 7.

139 2355 205 2408 (2)
236 2355 333 2408 Pag.
372 2358 462 2411 357.
498 2373 538 2398 n.
571 2372 638 2411 70.

144 2426 205 2480 (3)
235 2427 318 2468 Sat.
353 2429 406 2469 V.
441 2430 487 2472 L.
524 2429 577 2468 11.
