1633 2802
257 152 321 211 ²4

252 247 404 305 partes
456 235 662 305 singulas
722 234 1040 301 expendamus
1064 272 1077 295 ,
1131 235 1259 303 quod
1316 245 1567 302 antequam

250 327 334 375 fiat
355 362 368 383 ,
394 324 456 373 de
484 325 646 373 Caere
671 324 926 390 Municipio
951 322 1172 371 nonnulla
1196 324 1557 390 praemittenda.

319 413 393 460 De
430 412 593 462 Caere
628 412 739 459 haec
796 410 925 475 apud
961 409 1241 457 Frontinum
1277 411 1382 477 (1):
1426 414 1561 463 Cae·

254 511 391 550 reate
427 500 690 548 Mariana.
718 497 813 546 Sed
837 496 1199 564 corrigendum:
1231 497 1393 548 Caere
1412 537 1425 558 ‚
1465 518 1561 548 an-

251 595 301 636 te
334 586 591 635 Mariana.
656 585 994 651 Municipium.
1051 585 1268 632 Familia
1306 587 1366 634 C.
1407 585 1563 635 Marii

252 672 528 722 obsidebat.
567 672 757 721 Postea
791 689 826 720 a
849 672 1016 722 Druso
1044 670 1268 721 Caesare
1303 672 1562 734 militibus,

250 772 297 809 et
331 764 426 826 ipsi
464 761 707 810 Familiae
741 764 789 808 in
826 759 1076 826 iugeribus
1101 763 1425 824 assignatam.
1457 760 1568 812 Iter

249 847 447 915 Populo
486 863 587 896 non
623 847 845 896 debetur.
886 844 1096 894 Mariana
1133 863 1243 913 ergo
1289 853 1564 913 tempestate

251 934 416 986 Caere
452 935 781 1001 Municipium
835 935 1016 983 dictum
1064 933 1305 983 Mariana
1356 952 1412 982 ex
1464 951 1519 981 eo
1544 972 1559 998 ‚

249 1019 382 1085 quod
418 1020 640 1070 Familia
675 1021 731 1069 C.
774 1020 927 1071 Marii
961 1020 1235 1069 obsidebat.
1278 1019 1372 1069 Sed
1413 1019 1561 1067 Fron-

249 1109 337 1155 tini
374 1115 560 1170 aetate,
598 1110 716 1157 facta
763 1112 857 1156 iam
911 1108 1008 1173 agri
1061 1106 1307 1154 Caeretani
1343 1123 1367 1152 a
1402 1105 1559 1154 Druso

248 1191 446 1243 Caesare
485 1195 810 1264 adsignatione
845 1194 1071 1245 militibus
1108 1209 1200 1241 una
1250 1213 1355 1243 cum
1393 1192 1560 1241 Maria-

244 1298 305 1330 na
341 1280 538 1333 Familia
561 1319 579 1345 ,
613 1283 865 1349 pristinum
916 1284 1118 1332 nominis
1169 1283 1394 1332 honorem
1416 1319 1430 1343 ,
1468 1302 1555 1333 no-

244 1368 362 1420 vitio
415 1368 629 1436 deposito
655 1407 667 1426 ‚
707 1378 1037 1436 resumpserat.
1075 1370 1380 1437 Adsignatio
1438 1371 1557 1419 facta

248 1459 302 1503 in
339 1456 591 1521 iugeribus
613 1493 626 1516 ,
667 1457 757 1506 hoc
809 1467 878 1506 est
929 1459 1073 1509 veteri
1126 1459 1300 1507 Pertica
1359 1459 1557 1509 minime

245 1544 508 1592 immutata.
549 1543 781 1594 Tironum
831 1545 870 1593 si
906 1545 1008 1610 quis
1060 1545 1244 1613 ignoret
1266 1583 1278 1605 ,
1317 1545 1433 1611 quid
1467 1546 1557 1595 sibi

240 1628 354 1679 velit
402 1631 640 1681 formula:
696 1636 795 1683 iter
830 1633 1024 1700 Populo
1079 1651 1180 1682 non
1235 1634 1442 1684 debetur
1465 1672 1479 1695 ‚
1516 1636 1555 1685 is

240 1717 380 1766 adeat
418 1718 823 1768 Commentarium
858 1729 1068 1768 nostrum
1101 1721 1355 1770 vernaculo
1379 1738 1554 1770 sermo-

238 1819 299 1850 ne
336 1803 548 1867 editum,
589 1806 666 1853 cui
704 1805 899 1854 titulus:
940 1805 1295 1857 Illustrazione
1331 1807 1553 1859 dell'an-

240 1895 347 1940 tica
383 1892 691 1959 Campagna
728 1890 1036 1942 Taurasina.

313 1978 481 2027 Caere
517 1977 784 2045 Oppidum,
819 1980 1030 2045 primum
1072 1980 1277 2027 extitisse
1299 1996 1553 2028 romanum

237 2065 557 2131 Municipium
591 2073 702 2117 sine
739 2070 847 2118 iure
894 2049 1122 2133 suffragii,
1160 2068 1375 2118 novimus
1409 2085 1435 2116 a
1469 2067 1549 2114 Li-

347 2290 414 2344 (1)
449 2290 571 2333 Goes.
604 2295 653 2333 de
681 2293 828 2347 Script.
863 2295 960 2345 Agr.
996 2307 1091 2347 pag.
1129 2293 1215 2344 104.
