1633 2802
1309 255 1368 303 27

60 357 84 385 a
123 333 327 383 Vesbino
349 367 363 390 ‚
418 329 518 376 loco
553 333 745 391 accepto
782 343 807 372 a
842 321 1083 389 republica
1106 357 1119 381 ,
1179 338 1375 369 exorna-

61 431 157 469 tum
193 416 318 465 omni
355 415 563 478 impensa
600 427 714 470 sua,
753 407 974 476 donoque
1009 408 1191 456 datum.
1220 405 1375 455 Cuius

57 502 292 571 splendidi
346 499 510 564 Operis
531 535 545 556 ‚
599 495 1044 560 munificentiaeque
1095 511 1206 543 suae
1264 508 1374 541 cum

57 595 254 657 rogasset
270 585 503 632 Vesbinus
523 590 884 631 monumentum
906 580 1134 628 sollemne
1154 580 1373 628 omnium

57 674 198 723 oculis
220 670 542 719 exhibendum
564 706 579 728 ‚
617 686 643 719 a
681 667 888 733 Cuperio
914 665 1178 714 Hostiliano
1204 665 1374 713 datum

53 757 298 826 negotium
336 756 398 803 Τ.
437 756 603 802 Rustio
656 753 897 820 Lysipono
949 752 1141 801 Scribae
1165 791 1176 810 ,
1231 760 1285 798 ut
1321 769 1372 798 ea

51 843 395 894 Commentario
430 841 676 889 Caeritum
731 839 1008 904 quotidiano
1071 840 1253 905 prolato
1290 837 1374 886 de-

50 929 296 985 scriberet,
338 945 459 993 quae
496 926 850 975 Vesbini-votis
887 925 1090 974 facerent
1127 928 1252 973 satis.
1283 925 1375 973 De-²

51 1015 240 1081 scriptio
256 1051 270 1074 ‚
311 1013 752 1079 descriptorumque
772 1012 1030 1076 recognitio
1049 1011 1166 1060 facta
1192 1014 1238 1060 in
1265 1013 1378 1060 Pro-

50 1119 137 1150 nao
172 1100 317 1149 Aedis
353 1099 530 1147 Martis.
572 1098 651 1147 Sic
686 1116 760 1148 res
798 1099 1060 1163 procedunt
1097 1100 1157 1146 ad
1195 1110 1376 1149 sextam

52 1205 200 1255 usque
236 1187 425 1234 lineam.

128 1293 172 1321 2.
214 1274 514 1322 Continenter
566 1272 742 1322 deinde
797 1275 1031 1342 descripta
1098 1277 1378 1326 exhibentur

55 1361 167 1409 Acta
202 1363 252 1408 in
288 1360 408 1408 hanc
444 1377 543 1407 rem
581 1360 739 1408 idibus
766 1361 941 1426 Aprilis
966 1380 1072 1410 ann.
1097 1364 1208 1411 Aer.
1238 1364 1370 1432 vulg.

62 1446 157 1495 113
193 1447 593 1514 Magistratuum,
634 1457 679 1494 et
718 1447 1046 1495 Decurionum
1098 1449 1377 1498 Caeretano-

56 1550 208 1593 rum,
235 1536 315 1599 qui
334 1535 562 1602 corrogati
600 1534 784 1581 fuerant
821 1535 867 1580 in
890 1535 1090 1602 Templo
1124 1536 1372 1587 Divorum.

56 1618 129 1665 De
166 1616 374 1684 Templo
410 1621 647 1668 Divorzcm
672 1662 686 1682 ‚
725 1621 824 1668 sive
877 1622 1234 1688 Augustorum,
1275 1640 1381 1670 con-

62 1704 193 1764 sule,
231 1708 269 1754 si
305 1704 470 1766 lubet,
511 1706 778 1756 Oliverium
816 1706 922 1774 (1).
965 1709 1232 1773 Exponitur
1267 1710 1381 1757 Ves-

60 1791 164 1839 hini
199 1791 475 1853 consilium,
515 1811 608 1861 quo
665 1797 820 1860 petit,
863 1803 915 1841 ut
955 1795 1043 1841 sub
1080 1796 1270 1843 Porticu
1296 1795 1382 1843 Ba-

63 1875 220 1924 silicae
256 1876 558 1944 Sulpicianae
596 1880 725 1929 locus
753 1882 797 1928 ei
822 1881 1009 1946 publice
1046 1881 1266 1941 daretur,
1295 1883 1379 1929 ubi

58 1963 305 2012 Phetrium
342 1966 512 2014 faceret
546 1967 921 2034 Augustalibus,
961 1970 1094 2035 quod.
1131 1973 1230 2019 sine
1277 1986 1377 2015 mo-

58 2066 109 2096 ra
141 2048 435 2114 impetratum
495 2070 551 2099 ex
588 2053 906 2103 Decurionum
960 2073 1221 2118 consensu,
1272 2075 1375 2124 gra-

57 2134 248 2199 tiaeque
282 2136 496 2186 Vesbino
521 2176 534 2199 ,
583 2148 629 2189 ut
662 2159 746 2206 par
783 2151 913 2202 erat,
952 2153 1079 2192 actae
1103 2146 1162 2192 ab
1189 2146 1377 2194 univer·

64 2220 139 2268 sis.
179 2220 362 2271 Placuit
397 2231 553 2272 tamen
590 2226 651 2273 ob
688 2245 787 2275 eam
828 2245 926 2275 rem
966 2230 1220 2296 Epistolam
1267 2232 1379 2281 mit«

660 2325 796 2338 ——

172 2373 236 2428 (1)
268 2377 457 2419 Marmor.
496 2379 663 2422 Pisaur.
698 2383 792 2425 Not.
828 2397 866 2422 n.
903 2383 1019 2426 VIII.
