1633 2802
224 227 286 276 92

222 294 561 361 deprehendet.
602 296 736 356 Quae
772 298 966 347 caeteris
991 298 1335 348 antehabendae
1362 337 1374 359 ‚
1415 299 1536 349 iudi-

224 381 295 428 cio
332 391 489 429 nostro
511 420 524 443 ‚
564 382 648 428 hae
685 392 826 431 sunt:

231 469 534 517 1.Duwm·i1-.
560 470 674 518 Vol.
694 471 953 519 ad.Salut.
973 472 1159 536 public.
1185 491 1395 538 procur.
1426 471 1533 519 Vel.

222 570 270 600 2.
310 555 569 603 chzcmvir.
614 555 726 604 Vot.
758 574 843 605 ac.
870 556 1021 605 Sacr.
1051 559 1235 623 public.
1264 578 1466 624 procur.

296 640 532 688 Poste-rior
567 642 679 690 haec
716 644 894 698 nemini
933 645 1281 712 improbanda,
1319 647 1402 714 qui
1439 664 1540 694 me·-

221 727 409 774 minerit
443 727 623 776 XVIR.
665 727 845 778 SACR.
903 729 1056 790 FAC;
1098 741 1151 779 ut
1205 732 1264 780 ab
1313 733 1542 800 exemplis

225 812 438 860 eiusdem
475 817 657 880 generis
696 816 796 864 aliis
833 817 952 864 hene
1006 817 1169 865 multis
1231 819 1545 886 congerendis

223 899 559 949 abstineamus.
600 903 663 949 At
698 920 804 951 ecce
839 921 990 970 nuper
1022 903 1110 951 Vir
1145 905 1357 955 eruditus
1383 907 1432 953 in
1458 905 1544 952 tri-

222 986 310 1036 hus
348 988 616 1056 singulariis
670 990 907 1055 prioribus
943 991 1245 1043 Duumviros
1304 993 1408 1043 viee
1444 1009 1537 1039 an-

223 1094 330 1126 nua
380 1094 432 1124 se
467 1075 639 1126 vidisse
662 1115 676 1138 ‚
717 1078 940 1145 gloriatus
977 1086 1076 1136 est;
1116 1079 1245 1126 cuius
1282 1077 1538 1126 sententiae

224 1181 321 1228 quo
357 1163 514 1210 minus
552 1163 857 1223 accedamus,
910 1163 1024 1211 haec
1059 1173 1167 1211 sunt
1203 1165 1251 1212 iu
1286 1182 1458 1212 causa:
1500 1162 1538 1210 l.

130 1284 134 1289 ‚
224 1243 278 1297 τό
325 1249 478 1297 VICE
514 1251 560 1295 in
579 1248 776 1297 labentis
814 1247 1003 1313 Imperii
1039 1249 1192 1297 titulis
1230 1250 1497 1297 adhibitum
1524 1285 1542 1309 ‚

223 1335 272 1382 in
308 1344 548 1400 comperto
585 1343 652 1382 est
683 1372 696 1395 ,
737 1352 845 1382 cum
880 1334 940 1382 de
977 1335 1034 1383 iis
1068 1336 1346 1383 muneribus
1385 1352 1543 1402 agere-

224 1433 338 1484 tur,
380 1422 554 1488 quibus
591 1422 674 1487 qui
707 1421 984 1487 fungeretur
1015 1459 1028 1481 ,
1092 1419 1323 1484 Principis
1383 1438 1543 1469 revera

226 1508 415 1556 VICES
456 1507 648 1575 agebat,
687 1507 877 1571 eiusque
915 1506 1116 1572 proinde
1157 1505 1456 1554 VICARIVS
1494 1508 1543 1554 in

226 1596 319 1643 hoc
356 1595 559 1643 extabat.
601 1594 674 1641 Ita
710 1592 838 1659 apud
875 1592 1063 1640 Gruter.
1104 1593 1198 1659 (1).

227 1682 355 1731 IVL.
376 1683 420 1730 Ν
425 1680 717 1730 EMESIVS.
737 1679 1208 1729 NOMENTANVS.
1236 1680 1306 1727 M.
1327 1678 1544 1726 AVREL

251 1768 383 1817 IMP.
424 1768 643 1818 SACRA.
685 1765 856 1814 VICE.
897 1764 1203 1813 BETICAM.
1247 1764 1519 1814 GVBERN

179 1840 218 1879 s
298 1855 371 1903 Ita
394 1891 406 1914 ‚
444 1873 502 1902 ne
536 1855 584 1900 in
620 1871 668 1901 re
703 1853 939 1900 notissima
1001 1853 1126 1918 longi
1163 1853 1345 1900 simus:
1383 1852 1447 1899 V.
1487 1852 1539 1900 S.

228 1944 270 1992 I.
313 1940 383 1999 C;
422 1939 579 1988 idest:
622 1939 745 1989 Vice
764 1956 922 1989 sacra
959 1939 1132 1989 Iudex
1172 1941 1540 2005 Cognitionum.

233 2027 317 2078 Nil
352 2026 444 2074 tale
480 2027 528 2074 in
565 2026 839 2074 Duumviris
877 2026 1044 2073 nostris
1081 2025 1402 2090 Pompeianis.
1457 2024 1545 2072 Ec-

236 2114 368 2162 cuius
406 2112 532 2160 enim
555 2150 568 2173 ,
608 2112 684 2162 vel
720 2129 975 2177 eequorum
1013 2111 1235 2180 gerebant
1269 2111 1423 2172 viceS‚
1459 2111 1542 2176 qui

347 2367 411 2422 (ι)
441 2367 542 2421 Pag.
582 2364 670 2408 168.
707 2381 747 2408 n.
783 2366 824 2418 4.
