1633 2802
227 1342 275 1431 III.

366 1574 413 1822 SOMNO.
363 1210 411 1533 AETERNO.
363 959 410 1168 SACRV

428 1969 482 2178 AELIA.
433 1631 481 1924 ARSINOE.
434 1489 481 1589 ET.
432 1194 479 1446 AELIVS.
431 856 479 1150 HILARVS.
430 709 477 815 ET.
430 581 478 664 ΑΕ

504 1984 550 2144 LIVS.
502 1534 549 1941 TIMOTHEVS.
502 1243 548 1490 IVNIOR.
501 1098 547 1200 ET.
503 1000 547 1053 P.
499 622 548 958 ANTONIVS

570 1758 617 2098 ARSINOVS.
573 1612 618 1717 ET.
572 1516 617 1569 Ρ.
568 1118 617 1474 ANTONIVS.
568 769 617 1078 MARINVS.
568 650 615 727 SE

640 2078 686 2233 VIBI.
640 1669 687 2036 FECERVNT.
639 1482 687 1626 SIBI.
641 1335 685 1439 ET.
636 781 686 1293 SVIS.-LIBERTIS.
637 539 683 737 LIBER

709 1905 766 2268 TABVSQVE.
709 1620 755 1862 EORVM.
708 1471 755 1576 NE.
709 1325 753 1428 DE.
703 1003 754 1281 NOMINE.
706 740 753 961 EXIAT.
704 485 752 696 LOCVS

776 1820 824 2251 CONCESSVST.
777 1564 824 1777 AELIO.
776 1150 823 1521 TIMOTHEO.
775 894 822 1102 PATRI.
775 571 822 850 SOLEVM.
773 503 817 525 I

845 2126 892 2308 ITEM.
848 2029 893 2083 P.
845 1666 892 1989 ANTONIO.
845 1236 894 1619 ZMARAGDO.
843 805 892 1191 NVTRITORI.
841 477 890 759 SOLEVM.
840 411 886 433 I

915 2151 961 2252 ET.
914 1897 960 2106 AELIO.
915 1481 961 1853 POICRONIO.
914 1162 960 1437 SOLEVM.
913 1081 960 1118 I.
913 856 959 1037 ITEM.
911 486 970 814 QVITQVIT

984 2040 1028 2215 HVIC.
982 1569 1029 1993 MONI'MENTO.
983 1359 1027 1525 SIVE.
982 968 1029 1314 SEPVLCRO.
981 519 1028 925 A'I‘PLICITVM

1050 1885 1098 2330 INSTRVCTVM.
1050 1375 1097 1842 AEDIFICATVM.
1051 1195 1097 1332 EST.
1052 1049 1097 1153 ET.
1049 934 1097 1007 SI.
1051 740 1109 892 QVA.
1046 408 1095 697 MACERIA

1118 1812 1166 2187 SECVNDVM.
1119 1675 1164 1767 SE.
1119 1526 1165 1630 IBI.
1120 1121 1166 1483 ATPLICITA.
1119 933 1167 1079 EST.
1120 809 1164 893 EA
1117 552 1165 769 OMNIA

1188 2091 1233 2262 IIVIC.
1187 1623 1234 2046 MONIMENTO.
1188 1417 1233 1579 SIVE.
1188 1023 1236 1373 AEDIFICIO.
1187 701 1234 981 CEDANT.
1186 478 1244 658 QVOD

1256 2158 1314 2329 QVIS.
1256 1918 1302 2114 IIVNC
1256 1181 1303 1873 MONIMENTVM.51VE.
1250 287 1309 1135 AEDIFICIVM.‚DONATIONIS

1256 2239 1363 2482 CAVSAM.
1324 2073 1362 2198 WL
1324 1775 1372 2037 ALIOQVE.
1324 1305 1430 1739 NOQAJJNAW)
1325 1034 1417 1299 TIASVERIT.
1325 761 1367 999 FACERE.
1323 477 1362 725 DAMNAS.
1319 276 1359 441 ESTO.

1434 2031 1481 2192 PVLI.
1434 1713 1481 1991 ROMANI.
1434 1572 1483 1671 HS.
1435 1419 1481 1545 LM.
1434 1314 1483 1377 N.
1434 1094 1483 1272 ITEM.
1435 989 1484 1052 V.
1436 887 1484 949 V.
1433 747 1481 846 HS.
1433 616 1480 706 131.
1432 528 1479 571 N
