1633 2802
262 255 329 305 36

255 340 420 408 paullo
459 340 768 407 explicatius,
807 338 1086 407 mendisque
1122 347 1371 406 purgatum
1395 374 1409 397 ‚
1447 354 1568 405 quae

254 425 410 492 primo
463 426 807 491 irrepserant30
834 429 966 490 cujus
1004 424 1070 472 rei
1100 423 1275 472 >datum
1313 432 1383 470 est
1435 423 1570 472 nobis

253 529 486 560 marmora
543 504 850 559 tractantibus
921 508 1135 575 exempla
1194 508 1425 557 nonnulla
1483 509 1569 556 de-

255 597 563 662 prehendere.
604 596 747 656 Quod
786 597 821 643 si
859 596 932 642 cui
971 596 1126 661 placet
1154 632 1168 655 ‚
1205 595 1398 643 titulum
1454 595 1571 643 alte-

254 700 363 731 rum
400 683 458 730 ab
496 683 586 731 alio
623 700 859 730 secernere
879 719 892 741 ‚
929 690 983 728 ut
1007 681 1095 728 alia
1121 682 1182 729 sit
1204 681 1352 729 Aelia
1376 679 1570 730 Secun-

257 770 359 830 da,
385 769 472 817 alia
508 769 657 818 Aelia
695 769 1020 829 Secundina‚
1057 769 1269 835 itemque
1294 769 1410 817 alius
1440 771 1570 821 Cas-

255 863 360 906 sius
382 857 608 906 Victora
642 855 704 904 L.
749 856 927 906 Cassio
965 854 1213 914 Wetore,·
1235 854 1390 903 nodus
1414 857 1571 905 omnis

257 962 303 991 se
338 944 436 1010 ipso
471 941 762 994 dissolvitur.

784 1111 923 1160 CAP.
966 1111 1028 1158 Π.

258 1289 757 1356 Quadratariomm,
815 1284 1242 1349 descriptorumve
1298 1288 1349 1332 in
1395 1285 1576 1334 Monu-

494 1383 658 1421 menta
697 1375 962 1438 quaepiam
996 1387 1050 1416 τοι
1085 1367 1329 1429 ςφαλματοι.

322 1545 379 1591 In
440 1542 759 1609 qua‘lratarios
782 1580 797 1602 ,
854 1541 1220 1608 descriptoresve
1279 1541 1573 1590 Marmorum

255 1633 555 1697 antiquorum
593 1630 722 1677 eccui
756 1630 940 1695 ignotae
977 1627 1270 1676 eruditorum
1332 1628 1571 1693 querimo-

251 1714 402 1765 niae?
441 1714 583 1763 Haud
618 1731 723 1762 raro
758 1714 839 1770 hi,
882 1716 977 1762 sive
1030 1715 1206 1761 inscitia
1230 1751 1245 1772 ,
1282 1713 1378 1762 sive
1437 1713 1565 1777 supi-

249 1806 393 1851 nitate
416 1842 430 1864 ,
469 1805 518 1850 in
555 1813 766 1854 veterum
803 1802 1115 1849 monumentis
1153 1799 1431 1848 exhibendis
1456 1799 1570 1848 dor-

252 1891 425 1937 mitant
449 1928 462 1950 .,
501 1888 742 1937 interdum
781 1897 826 1936 et
863 1890 910 1936 in
968 1904 1128 1934 aurem
1165 1896 1409 1951 utramque
1461 1884 1572 1932 dor-

247 1975 402 2021 miunt
420 2010 434 2034 .,
476 1992 569 2021 non
591 1975 689 2020 sine
708 1990 876 2039 magno
911 1974 975 2019 rei
995 1970 1317 2038 epigraphicae
1341 1970 1566 2035 periculo.

250 2058 504 2108 Innumera
540 2061 668 2126 apud
694 2059 984 2126 antiquitatis
1023 2058 1270 2105 Curatores
1305 2057 1407 2106 vitii
1428 2056 1569 2102 huius

249 2145 465 2210 exempla
503 2146 665 2193 videre
720 2155 820 2205 est,
860 2146 984 2192 inter
1018 2160 1138 2208 quos
1192 2140 1570 2190 commendanda

248 2231 544 2296 potissimum
585 2230 774 2279 Marinii
798 2268 811 2290 ‚
852 2228 1271 2296 Hagebunchiique
1313 2225 1564 2275 industria.

247 2317 425 2365 Literas
462 2318 705 2364 interdum
743 2317 853 2365 alias
890 2334 998 2364 cum
1035 2315 1134 2362 aliis
1172 2314 1308 2362 foede
1356 2331 1566 2360 commu-

248 2411 346 2449 ·taut
368 2440 379 2460 ,
419 2402 616 2469 syllabas
656 2420 743 2450 non
782 2420 881 2449 raro
918 2411 996 2449 aut
1032 2402 1294 2462 omittunt,
1356 2410 1439 2447 aut
1474 2400 1567 2446 du—
