1633 2802
688 328 825 377 VIII.

273 419 336 469 N.
379 404 695 466 POPID'IV-S.
736 416 799 464 N.
839 414 897 464 F.
939 412 1256 463 CELSINVS

260 504 503 553 AEDEM.
545 502 758 552 ISIDIS.
799 501 1255 550 TERRAEMOTV

560 590 953 639 CONLAPSAM

166 677 226 726 A.
265 675 304 724 F
311 676 741 726 VNDAMENTO.
799 678 854 725 P.
896 676 948 724 S.
989 676 1346 725 RESTITVIT

663 763 844 811 HVNC

178 848 607 898 DECVRIONES.
648 849 750 897 OB.
791 849 1329 898 LIBERALITATEM

233 936 393 985 CVM.
433 935 656 986 ESSET.
695 936 1049 984 ANNORVM.
1090 935 1272 984 SEXS.

143 1020 402 1072 ORDINI.
443 1022 586 1071 SVO.
627 1022 884 1071 GRATIS.
925 1022 1371 1087 ADLEGERVNT

161 1109 246 1158 Lis
282 1119 351 1159 est
386 1109 446 1158 de
497 1127 611 1160 voce
650 1109 831 1158 SEXS.
888 1126 1009 1159 vers.
1053 1127 1100 1177 7.
1142 1125 1287 1173 quam
1339 1108 1420 1156 alii

95 1214 193 1248 sex
210 1235 224 1257 ,
252 1196 337 1244 alii>
355 1198 630 1259 sexdecim,
658 1197 737 1245 alii
767 1202 1047 1263 sexaginta
1065 1196 1289 1246 reddunt.
1317 1197 1418 1246 No·

95 1283 169 1332 bis
206 1283 320 1332 olim
355 1301 454 1334 sex
488 1285 675 1343 arrisit,
714 1302 824 1350 prae
879 1285 1002 1332 aliis.
1041 1284 1184 1332 Nunc
1207 1321 1221 1343 .,
1259 1292 1418 1333 muta-

96 1379 144 1419 ta
177 1370 405 1419 sententia
426 1407 439 1428 ,
479 1389 565 1437 pro
624 1356 930 1437 sexsagintfa
953 1380 1172 1430 stamus3
1212 1388 1320 1419 nam
1354 1371 1417 1420 de

94 1458 359 1507 sexdecim
393 1457 680 1506 conclamata
715 1474 785 1505 res
822 1458 1043 1517 videtur3
1083 1457 1226 1505 scribi
1289 1457 1418 1505 enim

96 1544 375 1609 oportuisset
427 1543 586 1592 SEXS
633 1585 646 1605 ,
702 1544 832 1608 quod
886 1544 1242 1611 orthographiae
1298 1543 1422 1610 legi·

94 1629 183 1678 bus
242 1616 485 1697 repugnai.
549 1633 728 1680 Vocem
786 1639 1020 1697 praeterea
1052 1647 1194 1679 Sexs.
1236 1628 1410 1677 decur-

100 1724 245 1764 tatam
282 1733 379 1765 esse
422 1735 508 1783 pro
542 1723 787 1784 Saragina
810 1754 824 1777 ‚
876 1727 1030 1783 aperta
1077 1734 1150 1764 res
1199 1716 1412 1767 videtur.

94 1801 265 1851 Finem
299 1821 482 1870 nempe.
505 1803 653 1852 lineae
689 1813 920 1870 occupat,
959 1812 1003 1851 et
1040 1811 1110 1852 est
1143 1790 1320 1869 puncto
1350 1803 1414 1851 de

95 1888 326 1938 industria
382 1899 542 1939 notata
568 1929 582 1952 ,
623 1890 751 1957 quod
810 1907 942 1939 secus
975 1888 1163 1948 factum
1221 1889 1419 1956 adparet

94 1977 145 2024 in
181 1978 372 2026 caeteris
406 1978 541 2027 lineis
580 1978 797 2026 omnibus
835 1977 968 2025 nullo
1019 1986 1193 2044 puncto
1228 1975 1289 2024 ad
1325 1993 1408 2026 vo-

98 2079 172 2112 ces
207 2064 369 2113 finales
407 2064 669 2125 distinctis,
721 2082 841 2131 quae
875 2065 1086 2130 integrae
1141 2080 1300 2112 omnes
1336 2080 1413 2111 oc-

100 2161 309 2199 currunt.
348 2153 467 2200 Rem
504 2170 689 2200 omnem
726 2152 949 2199 conficere
984 2151 1180 2201 videtur
1215 2150 1414 2200 Fabret-

101 2237 156 2286 tii
191 2237 438 2305 Inscriptio
475 2238 557 2306 (1)
593 2257 712 2306 quae
749 2247 816 2287 est
849 2236 1156 2287 huiusmodi:

214 2407 286 2463 (ῃ)
315 2408 417 2463 Pag.
456 2424 516 2452 ιι.
554 2426 577 2452 a
604 2411 669 2453 51.
