1633 2802
270 245 328 293 16

260 342 345 399 ptu
380 348 464 379 suo
500 330 714 378 Statuam
749 327 938 378 Silvano
975 335 1202 394 posuerat.
1229 325 1451 377 Silvanus
1477 327 1566 394 igi-2

264 428 369 477 tur,
419 416 479 464 ad
530 414 891 481 rependendam
916 413 1126 480 Collegio
1162 414 1357 481 gratiam
1394 414 1569 479 positae

259 505 347 552 sibi
381 502 573 550 statuae
603 539 617 562 ,
655 501 827 549 obtulit
862 500 1077 568 Collegio
1115 499 1271 550 eidem
1309 500 1408 549 HS.
1430 499 1569 550 VIII.

260 591 305 640 N
314 627 323 636 .
364 592 472 651 Quo
508 588 655 655 magis
692 589 959 649 miremur„
984 598 1030 635 et
1066 587 1385 638 exosculemur
1445 597 1576 651 vete-

261 695 370 725 rum
405 679 453 724 in
499 675 781 736 verborum,
836 675 1239 741 formularumque
1298 675 1574 740 proprietate

262 763 602 812 accurationem
624 799 640 823 ,
678 762 1086 828 sobrietatemque.

332 852 382 911 4.
430 848 493 897 Ut
540 852 807 915 quotannis
861 851 1022 899 natali
1080 851 1186 897 eius
1244 850 1326 901 die
1358 887 1374 910 ‚
1432 852 1580 897 tertio

263 938 449 986 Iduum
473 936 759 986 Decembris
782 974 794 994 ,
842 935 1085 1000 Collegae
1106 933 1439 1002 frequentent
1462 934 1582 983 Sta·

261 1037 377 1074 tuae
413 1023 781 1073 dedicationem
805 1059 819 1083 ,
856 1022 1124 1072 collocavit
1162 1020 1185 1085 (
1222 1021 1288 1068 sic
1324 1006 1575 1068 enim'hoc

265 1111 314 1157 in
351 1110 454 1158 loco
489 1108 732 1158 reddimus
769 1108 910 1176 siglas
947 1107 1130 1155 COLL.
1171 1106 1192 1172 )
1229 1106 1326 1156 HS.
1368 1107 1482 1155 XX.
1512 1105 1577 1154 N.

267 1196 465 1263 hicque,
502 1196 623 1243 facto
640 1204 847 1261 puncto,
886 1196 1196 1244 consistimus.
1228 1195 1361 1256 Quae
1396 1195 1465 1244 vis
1486 1195 1578 1242 for-

266 1282 424 1331 mulae
458 1284 711 1332 collocare
743 1285 1009 1349 pecuniam
1036 1319 1050 1341 ,
1089 1289 1255 1328 notum
1316 1281 1569 1329 tironibus.

267 1367 346 1416 Ad
379 1368 464 1423 lin.
513 1384 570 1414 12
607 1368 782 1414 iactura
819 1384 867 1413 se
900 1366 1057 1432 prodit
1092 1367 1251 1415 literae
1288 1367 1584 1433 praeceden-

266 1455 329 1501 tis
363 1470 524 1504 vocem
560 1453 650 1502 ΟΝ
672 1491 687 1513 ,
742 1471 888 1518 quam
936 1451 1065 1499 tituli
1116 1454 1261 1500 nostri
1323 1454 1581 1519 descriptor

273 1540 460 1607 supplet
495 1557 578 1606 per
612 1539 795 1588 literam
816 1539 869 1586 M
893 1546 1106 1605 ;.utpote
1132 1540 1266 1587 cuius
1292 1542 1445 1590 animo
1470 1540 1593 1589 Mo-

274 1631 487 1676 numenti
521 1627 671 1694 imago
725 1626 1073 1675 obversabatur.
1114 1625 1212 1675 Sed.
1270 1628 1425 1673 minus
1482 1645 1589 1692 pro—

275 1730 423 1779 spere.
464 1713 650 1778 Ecquid
699 1713 826 1761 enim
860 1712 950 1767 sibi
1000 1712 1174 1763 vellet:
1216 1712 1586 1764 Monumentum

259 1799 618 1867 frequentent,
671 1798 881 1849 Statuae
929 1799 1340 1850 dedicationem?
1393 1800 1587 1847 Rectius

278 1886 423 1950 igitur
458 1884 777 1950 supplendum
824 1884 1009 1937 videtur
1061 1904 1143 1950 per
1198 1886 1381 1934 literam
1418 1885 1456 1932 C
1487 1920 1500 1943 ‚
1542 1895 1593 1932 ut

284 1973 525 2037 Collegae
578 1973 869 2033 habeantur,
907 1974 991 2038 qui
1026 1975 1270 2037 quotannis
1298 2011 1312 2034 ‚
1365 1973 1446 2020 die
1498 1973 1592 2020 Sil-

286 2060 390 2108 vani
427 2059 602 2119 natali,
639 2060 904 2124 frequentes
940 2059 1106 2107 adeant
1129 2058 1189 2107 acl
1225 2060 1590 2114 anniversarium

288 2144 605 2193 Dedicationis
641 2143 833 2193 Statuae
867 2146 1058 2193 festum.

355 2229 402 2277 5.
445 2230 541 2279 Iam
578 2231 638 2277 de
675 2229 775 2278 HS.
816 2229 946 2282 VIII.
987 2230 1050 2278 N.
1091 2231 1423 2281 collocatorum
1459 2233 1587 2281 redi-

284 2318 408 2365 tibus
465 2318 785 2365 attribuuntur
824 2317 1325 2384 Quinquennalibus,
1365 2318 1551 2366 IIviris
1580 2355 1595 2378 ‚

288 2404 563 2461 Aedificiis,
588 2413 631 2451 et
651 2405 840 2454 cacteris
870 2406 1095 2470 Collegis
1119 2405 1485 2457 Decurionibus
1505 2405 1599 2452 sin·
