1633 2802
239 223 303 291 74

237 307 374 375 gibus
410 304 473 356 ad
508 324 560 356 ea
596 305 841 357 subeunda
877 305 1066 357 obnoxii
1103 307 1286 368 forent,
1325 303 1388 356 et'
1414 304 1561 374 privi-

234 393 354 461 legii
390 393 493 441 loco
528 393 783 443 haberetur
809 432 821 454 ,
862 394 921 442 ab
956 396 1014 443 iis
1049 412 1185 462 posse
1221 412 1404 445 vacare.
1434 395 1563 457 Qui-

233 482 326 529 bus
362 480 627 547 privilegiis
665 481 925 531 cumulatos
958 484 1176 532 novimus
1200 521 1214 542 ,
1255 491 1436 548 praeter
1461 500 1561 542 eos,

231 569 315 634 qui
350 567 508 634 paullo
532 577 635 617 ante
659 578 767 618 sunt
796 571 1061 630 memorati,
1085 570 1395 635 Philosophus
1416 607 1430 629 ‚
1469 569 1563 616 Re-

228 655 383 703 thores
406 693 421 715 ‚
465 655 677 704 Medicus
699 693 713 716 ‚
752 655 1095 712 Grammaticos
1119 694 1132 716 ,
1153 657 1361 723 aliosque
1386 693 1401 716 .,
1439 674 1562 723 quos

231 759 325 790 non
362 749 492 792 vacat
529 743 744 809 persequi
780 740 1004 810 singulos,
1046 743 1183 803 Quae
1216 742 1422 808 intelligi
1472 759 1558 791 vo·

231 827 388 878 lumus
423 827 485 875 de
520 828 883 878 Decurionibus
925 845 982 877 ex
1018 826 1184 891 officio
1211 866 1223 888 ,
1263 829 1458 876 minime
1496 828 1562 876 de

231 913 461 964 Adleetis
481 952 495 975 ‚
535 921 581 962 et
600 914 1026 972 Ornamentariis‚
1067 916 1150 981 qui
1173 914 1410 964 interdum
1439 933 1559 981 gra·

241 1005 381 1062 tuiti,
418 1001 661 1050 interdum
696 1019 867 1061 secus;
906 1001 1084 1067 quibus
1121 1001 1252 1050 nulla
1273 1011 1398 1051 certa
1434 1010 1558 1050 aetas

242 1086 346 1156 lege
382 1089 634 1136 constituta
670 1097 794 1145 erat,
835 1097 880 1136 et
915 1088 1242 1156 Decurionum
1275 1088 1555 1148 honoribus,

233 1174 590 1242 privilegiisque
617 1212 631 1234 ,
690 1176 790 1223 sine
848 1192 986 1223 onere
1013 1213 1028 1235 ‚
1084 1175 1380 1225 fruebantur.
1439 1176 1558 1225 Tale

229 1262 437 1327 profecto
471 1261 813 1309 Decuriouatus
849 1278 995 1328 genus
1016 1260 1181 1322 facile,
1220 1261 1428 1311 divitum
1468 1281 1553 1328 po-

228 1347 407 1396 tissime
432 1386 446 1408 ,
485 1347 941 1414 ambitiosorumque
964 1346 1269 1413 cupiditatem
1293 1348 1550 1412 alliciebat,

231 1452 321 1482 nec
358 1432 508 1482 facilis
547 1433 607 1481 ad
642 1433 765 1482 illud
800 1433 877 1483 via
913 1432 1127 1499 patebat3
1167 1433 1321 1499 deque
1369 1424 1542 1483 borum

230 1520 403 1568 familia
429 1529 539 1568 sunt
564 1520 1119 1586 accipiendi-Decuriones
1144 1519 1217 1567 illi
1242 1519 1338 1569 fere
1361 1539 1545 1584 omneS‚

228 1625 349 1674 quos
387 1606 438 1655 in
475 1605 622 1654 tituhs
660 1604 977 1665 offendimus,
1015 1614 1062 1653 et
1096 1622 1305 1670 quorum
1342 1616 1465 1655 aetas
1490 1609 1558 1656 ei·

231 1701 321 1754 tra,
359 1692 541 1742 ultrave
576 1709 718 1740 annos
754 1711 778 1741 a
810 1691 913 1759 lege
931 1691 1279 1740 Decurionibus
1315 1692 1546 1761 legitimis

232 1781 330 1831 sive
358 1781 652 1830 ordinariis
675 1780 983 1847 praescriptos
1010 1779 1180 1846 passim
1205 1779 1374 1827 cietur.
1401 1779 1550 1841 Quod

234 1867 492 1916 discrimen
527 1884 638 1915 cum
674 1884 766 1914 non
802 1851 913 1914 sa‘tis
946 1866 1165 1914 adcurate
1202 1882 1486 1931 perpensum
1523 1888 1551 1917 a

233 1954 350 2004 viris
399 1952 686 2019 quibusdam
739 1953 887 2001 doctis
921 1951 1106 2012 fuerit,
1144 1951 1353 2013 mirum,
1393 1971 1544 2019 quan-

236 2049 308 2088 tas
343 2040 389 2086 in
430 2040 717 2106 Pompeiana
754 2039 944 2105 quadan
980 2037 1282 2103 Inscriptione
1317 2038 1367 2084 in
1408 2038 1550 2087 Com.

235 2126 320 2172 VI.
361 2144 387 2173 a
422 2126 552 2173 nobis
589 2125 728 2174 etiam
762 2125 907 2173 relata
932 2163 946 2186 ‚
1005 2125 1165 2173 turbas
1199 2124 1414 2172 civerint.
1469 2123 1550 2172 Iu-

236 2215 353 2262 verit
387 2212 519 2260 illam
553 2212 709 2261 denuo
743 2212 820 2261 hic
854 2214 1044 2271 sistere,
1082 2209 1448 2278 diligentiusque
1484 2227 1552 2259 re-

237 2301 434 2349 fricare:
