<?xml version="1.0" encoding="UTF-8"?>
<!DOCTYPE html PUBLIC "-//W3C//DTD XHTML 1.0 Transitional//EN"
    "http://www.w3.org/TR/xhtml1/DTD/xhtml1-transitional.dtd">
<html xmlns="http://www.w3.org/1999/xhtml" xml:lang="en" lang="en">
 <head>
  <title>
</title>
<meta http-equiv="Content-Type" content="text/html;charset=utf-8" />
  <meta name='ocr-system' content='tesseract 3.04.00' />
  <meta name='ocr-capabilities' content='ocr_page ocr_carea ocr_par ocr_line ocrx_word'/>
</head>
<body>
  <div class='ocr_page' id='page_1' title='image "./inselectaquaedam00guar_0049.png"; bbox 0 0 1633 2802; ppageno 0'>
   <div class='ocr_carea' id='block_1_1' title="bbox 1329 222 1383 277">
    <p class='ocr_par' dir='ltr' id='par_1_1' title="bbox 1329 222 1383 277">
     <span class='ocr_line' id='line_1_1' title="bbox 1329 222 1383 277; baseline 0 -15"><span class='ocrx_word' id='word_1_1' title='bbox 1329 222 1383 277; x_wconf 68' lang='lat'>41</span> 
     </span>
    </p>
   </div>
   <div class='ocr_carea' id='block_1_2' title="bbox 0 300 1394 369">
    <p class='ocr_par' dir='ltr' id='par_1_2' title="bbox 0 300 1394 369">
     <span class='ocr_line' id='line_1_2' title="bbox 0 300 1394 369; baseline -0.009 -11"><span class='ocrx_word' id='word_1_2' title='bbox 0 316 2 364; x_wconf 71' lang='grc' dir='ltr'>Ξ</span> <span class='ocrx_word' id='word_1_3' title='bbox 79 307 262 357; x_wconf 85' lang='lat' dir='ltr'>consule</span> <span class='ocrx_word' id='word_1_4' title='bbox 297 304 589 352; x_wconf 82' lang='lat' dir='ltr'>Fabrettium</span> <span class='ocrx_word' id='word_1_5' title='bbox 631 303 728 369; x_wconf 80' lang='lat'><strong>(1).</strong></span> <span class='ocrx_word' id='word_1_6' title='bbox 772 303 896 350; x_wconf 80' lang='lat' dir='ltr'>Haec</span> <span class='ocrx_word' id='word_1_7' title='bbox 953 318 1062 349; x_wconf 84' lang='lat' dir='ltr'>vero</span> <span class='ocrx_word' id='word_1_8' title='bbox 1116 300 1310 349; x_wconf 81' lang='lat' dir='ltr'>Marinii</span> <span class='ocrx_word' id='word_1_9' title='bbox 1350 303 1394 347; x_wconf 86' lang='lat' dir='ltr'>in</span> 
     </span>
    </p>
   </div>
   <div class='ocr_carea' id='block_1_3' title="bbox 79 397 1398 2168">
    <p class='ocr_par' dir='ltr' id='par_1_3' title="bbox 82 397 890 462">
     <span class='ocr_line' id='line_1_3' title="bbox 82 397 890 462; baseline -0.011 -20"><span class='ocrx_word' id='word_1_10' title='bbox 82 397 398 462; x_wconf 82' lang='lat' dir='ltr'>fragmentum</span> <span class='ocrx_word' id='word_1_11' title='bbox 435 399 646 440; x_wconf 79' lang='lat' dir='ltr'>nostrum</span> <span class='ocrx_word' id='word_1_12' title='bbox 682 399 890 454; x_wconf 78' lang='lat' dir='ltr'>peccata.</span> 
     </span>
    </p>

    <p class='ocr_par' dir='ltr' id='par_1_4' title="bbox 152 472 1238 539">
     <span class='ocr_line' id='line_1_4' title="bbox 152 472 1238 539; baseline -0.01 -10"><span class='ocrx_word' id='word_1_13' title='bbox 152 500 193 529; x_wconf 94' lang='lat'>1.</span> <span class='ocrx_word' id='word_1_14' title='bbox 235 478 312 525; x_wconf 92' lang='lat' dir='ltr'>Ad</span> <span class='ocrx_word' id='word_1_15' title='bbox 349 480 428 525; x_wconf 89' lang='lat' dir='ltr'>fin.</span> <span class='ocrx_word' id='word_1_16' title='bbox 470 477 553 523; x_wconf 83' lang='lat' dir='ltr'><strong>lin.</strong></span> <span class='ocrx_word' id='word_1_17' title='bbox 599 494 643 522; x_wconf 82' lang='lat'>2.</span> <span class='ocrx_word' id='word_1_18' title='bbox 689 493 769 539; x_wconf 81' lang='lat' dir='ltr'>pro</span> <span class='ocrx_word' id='word_1_19' title='bbox 805 475 910 533; x_wconf 86' lang='lat' dir='ltr'>EQ.</span> <span class='ocrx_word' id='word_1_20' title='bbox 954 473 1094 520; x_wconf 84' lang='lat' dir='ltr'>habet</span> <span class='ocrx_word' id='word_1_21' title='bbox 1129 472 1238 519; x_wconf 91' lang='lat' dir='ltr'>DO.</span> 
     </span>
    </p>

    <p class='ocr_par' dir='ltr' id='par_1_5' title="bbox 145 557 1389 629">
     <span class='ocr_line' id='line_1_5' title="bbox 145 557 1389 629; baseline -0.002 -18"><span class='ocrx_word' id='word_1_22' title='bbox 145 581 191 612; x_wconf 76' lang='lat'>2.</span> <span class='ocrx_word' id='word_1_23' title='bbox 234 562 311 610; x_wconf 83' lang='lat' dir='ltr'>Ad</span> <span class='ocrx_word' id='word_1_24' title='bbox 345 562 431 610; x_wconf 86' lang='lat' dir='ltr'><strong>lin.</strong></span> <span class='ocrx_word' id='word_1_25' title='bbox 474 562 520 608; x_wconf 82' lang='lat'><strong>3.</strong></span> <span class='ocrx_word' id='word_1_26' title='bbox 563 580 648 629; x_wconf 81' lang='lat' dir='ltr'>pro</span> <span class='ocrx_word' id='word_1_27' title='bbox 687 560 872 611; x_wconf 70' lang='lat' dir='ltr'><em>Tamna</em></span> <span class='ocrx_word' id='word_1_28' title='bbox 910 557 1121 608; x_wconf 74' lang='lat' dir='ltr'><em>Tertulli</em></span> <span class='ocrx_word' id='word_1_29' title='bbox 1157 558 1389 608; x_wconf 84' lang='lat' dir='ltr'>obtrudit:</span> 
     </span>
    </p>

    <p class='ocr_par' dir='ltr' id='par_1_6' title="bbox 146 647 1395 880">
     <span class='ocr_line' id='line_1_6' title="bbox 282 647 681 695; baseline -0.003 0"><span class='ocrx_word' id='word_1_30' title='bbox 282 648 427 695; x_wconf 90' lang='lat' dir='ltr'><strong>TER.</strong></span> <span class='ocrx_word' id='word_1_31' title='bbox 469 647 681 694; x_wconf 87' lang='lat' dir='ltr'><strong>PVBLI.</strong></span> 
     </span>
     <span class='ocr_line' id='line_1_7' title="bbox 146 729 1395 792; baseline -0.006 -9"><span class='ocrx_word' id='word_1_32' title='bbox 146 735 193 783; x_wconf 84' lang='lat'>3.</span> <span class='ocrx_word' id='word_1_33' title='bbox 235 735 313 784; x_wconf 85' lang='lat' dir='ltr'>Ad</span> <span class='ocrx_word' id='word_1_34' title='bbox 348 734 434 783; x_wconf 85' lang='lat' dir='ltr'><strong>lin.</strong></span> <span class='ocrx_word' id='word_1_35' title='bbox 473 733 522 781; x_wconf 83' lang='lat'>6.</span> <span class='ocrx_word' id='word_1_36' title='bbox 575 734 678 781; x_wconf 88' lang='lat' dir='ltr'>loco</span> <span class='ocrx_word' id='word_1_37' title='bbox 716 750 770 779; x_wconf 68' lang='grc' dir='ltr'>τε</span> <span class='ocrx_word' id='word_1_38' title='bbox 811 731 890 780; x_wconf 87' lang='lat' dir='ltr'>VS</span> <span class='ocrx_word' id='word_1_39' title='bbox 915 769 930 792; x_wconf 75' lang='lat'>,</span> <span class='ocrx_word' id='word_1_40' title='bbox 985 729 1180 779; x_wconf 81' lang='lat' dir='ltr'>exhibet</span> <span class='ocrx_word' id='word_1_41' title='bbox 1231 737 1395 776; x_wconf 86' lang='lat' dir='ltr'>notam</span> 
     </span>
     <span class='ocr_line' id='line_1_8' title="bbox 282 820 660 880; baseline -0.008 -12"><span class='ocrx_word' id='word_1_42' title='bbox 282 820 572 868; x_wconf 80' lang='lat' dir='ltr'><strong>numericam</strong></span> <span class='ocrx_word' id='word_1_43' title='bbox 610 820 660 880; x_wconf 77' lang='grc'>4.</span> 
     </span>
    </p>

    <p class='ocr_par' dir='ltr' id='par_1_7' title="bbox 147 900 1316 971">
     <span class='ocr_line' id='line_1_9' title="bbox 147 900 1316 971; baseline -0.005 -17"><span class='ocrx_word' id='word_1_44' title='bbox 147 907 199 967; x_wconf 75' lang='grc'>4.</span> <span class='ocrx_word' id='word_1_45' title='bbox 238 906 311 954; x_wconf 89' lang='lat' dir='ltr'>Ad</span> <span class='ocrx_word' id='word_1_46' title='bbox 351 906 436 953; x_wconf 87' lang='lat' dir='ltr'><strong>lin.</strong></span> <span class='ocrx_word' id='word_1_47' title='bbox 478 905 692 953; x_wconf 80' lang='lat' dir='ltr'><strong>ultimam</strong></span> <span class='ocrx_word' id='word_1_48' title='bbox 727 920 813 971; x_wconf 87' lang='lat' dir='ltr'>pro</span> <span class='ocrx_word' id='word_1_49' title='bbox 851 903 971 963; x_wconf 87' lang='lat' dir='ltr'>TA,</span> <span class='ocrx_word' id='word_1_50' title='bbox 1009 902 1149 949; x_wconf 84' lang='lat' dir='ltr'>habet</span> <span class='ocrx_word' id='word_1_51' title='bbox 1187 900 1316 949; x_wconf 91' lang='lat' dir='ltr'><strong>NIA.</strong></span> 
     </span>
    </p>

    <p class='ocr_par' dir='ltr' id='par_1_8' title="bbox 79 988 1398 1661">
     <span class='ocr_line' id='line_1_10' title="bbox 147 988 1393 1060; baseline -0.007 -19"><span class='ocrx_word' id='word_1_52' title='bbox 147 993 243 1041; x_wconf 84' lang='lat' dir='ltr'>Sed</span> <span class='ocrx_word' id='word_1_53' title='bbox 280 993 451 1060; x_wconf 76' lang='lat' dir='ltr'>gratiae</span> <span class='ocrx_word' id='word_1_54' title='bbox 504 1003 661 1036; x_wconf 79' lang='lat' dir='ltr'>tamen</span> <span class='ocrx_word' id='word_1_55' title='bbox 716 989 958 1038; x_wconf 79' lang='lat' dir='ltr'>habendae</span> <span class='ocrx_word' id='word_1_56' title='bbox 994 988 1110 1035; x_wconf 81' lang='lat' dir='ltr'>Viro</span> <span class='ocrx_word' id='word_1_57' title='bbox 1163 1004 1350 1035; x_wconf 87' lang='lat' dir='ltr'>snmmo</span> <span class='ocrx_word' id='word_1_58' title='bbox 1379 1026 1393 1047; x_wconf 89' lang='lat'><strong>‚</strong></span> 
     </span>
     <span class='ocr_line' id='line_1_11' title="bbox 81 1073 1392 1144; baseline -0.003 -20"><span class='ocrx_word' id='word_1_59' title='bbox 81 1079 160 1144; x_wconf 86' lang='lat' dir='ltr'>qui</span> <span class='ocrx_word' id='word_1_60' title='bbox 197 1078 451 1126; x_wconf 79' lang='lat' dir='ltr'>Marmoris</span> <span class='ocrx_word' id='word_1_61' title='bbox 486 1078 563 1123; x_wconf 81' lang='lat' dir='ltr'>fini</span> <span class='ocrx_word' id='word_1_62' title='bbox 603 1076 760 1124; x_wconf 82' lang='lat' dir='ltr'>addit:</span> <span class='ocrx_word' id='word_1_63' title='bbox 789 1074 1112 1122; x_wconf 85' lang='lat' dir='ltr'><strong>VALIRIVS.</strong></span> <span class='ocrx_word' id='word_1_64' title='bbox 1141 1073 1197 1120; x_wconf 90' lang='lat' dir='ltr'>F.</span> <span class='ocrx_word' id='word_1_65' title='bbox 1227 1074 1285 1120; x_wconf 90' lang='lat' dir='ltr'>B.</span> <span class='ocrx_word' id='word_1_66' title='bbox 1320 1073 1392 1120; x_wconf 88' lang='grc' dir='ltr'>Μ.</span> 
     </span>
     <span class='ocr_line' id='line_1_12' title="bbox 80 1161 1389 1231; baseline -0.002 -21"><span class='ocrx_word' id='word_1_67' title='bbox 80 1162 154 1223; x_wconf 90' lang='lat' dir='ltr'>F;</span> <span class='ocrx_word' id='word_1_68' title='bbox 193 1167 312 1231; x_wconf 81' lang='lat' dir='ltr'>quae</span> <span class='ocrx_word' id='word_1_69' title='bbox 349 1179 473 1209; x_wconf 88' lang='lat' dir='ltr'>nunc</span> <span class='ocrx_word' id='word_1_70' title='bbox 512 1163 680 1210; x_wconf 84' lang='lat' dir='ltr'>frustra</span> <span class='ocrx_word' id='word_1_71' title='bbox 717 1163 764 1208; x_wconf 88' lang='lat' dir='ltr'>in</span> <span class='ocrx_word' id='word_1_72' title='bbox 800 1161 1085 1229; x_wconf 81' lang='lat' dir='ltr'>Fragmento</span> <span class='ocrx_word' id='word_1_73' title='bbox 1123 1170 1280 1208; x_wconf 78' lang='lat' dir='ltr'>nostro</span> <span class='ocrx_word' id='word_1_74' title='bbox 1316 1179 1389 1208; x_wconf 85' lang='lat' dir='ltr'>re·</span> 
     </span>
     <span class='ocr_line' id='line_1_13' title="bbox 79 1234 1393 1318; baseline 0.002 -22"><span class='ocrx_word' id='word_1_75' title='bbox 79 1252 250 1316; x_wconf 81' lang='lat' dir='ltr'>quiras.</span> <span class='ocrx_word' id='word_1_76' title='bbox 290 1249 351 1295; x_wconf 84' lang='lat' dir='ltr'>Et</span> <span class='ocrx_word' id='word_1_77' title='bbox 388 1234 607 1314; x_wconf 75' lang='lat' dir='ltr'>queniam</span> <span class='ocrx_word' id='word_1_78' title='bbox 667 1250 728 1297; x_wconf 90' lang='lat' dir='ltr'>de</span> <span class='ocrx_word' id='word_1_79' title='bbox 764 1249 1025 1318; x_wconf 74' lang='lat' dir='ltr'>Equitibus</span> <span class='ocrx_word' id='word_1_80' title='bbox 1079 1247 1393 1314; x_wconf 55' lang='lat' dir='ltr'>Singulari&amp;</span> 
     </span>
     <span class='ocr_line' id='line_1_14' title="bbox 79 1334 1398 1394; baseline -0.002 -11"><span class='ocrx_word' id='word_1_81' title='bbox 79 1337 248 1384; x_wconf 84' lang='lat' dir='ltr'>iniecta</span> <span class='ocrx_word' id='word_1_82' title='bbox 285 1337 461 1382; x_wconf 88' lang='lat' dir='ltr'>mentio</span> <span class='ocrx_word' id='word_1_83' title='bbox 485 1373 496 1394; x_wconf 80' lang='lat'><strong>‚</strong></span> <span class='ocrx_word' id='word_1_84' title='bbox 539 1354 625 1382; x_wconf 85' lang='lat' dir='ltr'>non</span> <span class='ocrx_word' id='word_1_85' title='bbox 667 1336 746 1382; x_wconf 81' lang='lat' dir='ltr'>abs</span> <span class='ocrx_word' id='word_1_86' title='bbox 785 1354 830 1383; x_wconf 81' lang='lat' dir='ltr'>re</span> <span class='ocrx_word' id='word_1_87' title='bbox 879 1335 1048 1391; x_wconf 83' lang='lat' dir='ltr'>fuerit,</span> <span class='ocrx_word' id='word_1_88' title='bbox 1089 1334 1222 1381; x_wconf 80' lang='lat' dir='ltr'>alteri</span> <span class='ocrx_word' id='word_1_89' title='bbox 1272 1352 1398 1381; x_wconf 84' lang='lat' dir='ltr'>mar-</span> 
     </span>
     <span class='ocr_line' id='line_1_15' title="bbox 81 1420 1396 1487; baseline -0.003 -16"><span class='ocrx_word' id='word_1_90' title='bbox 81 1423 201 1471; x_wconf 79' lang='lat' dir='ltr'>mori</span> <span class='ocrx_word' id='word_1_91' title='bbox 231 1422 460 1468; x_wconf 74' lang='lat' dir='ltr'>modicam</span> <span class='ocrx_word' id='word_1_92' title='bbox 497 1422 782 1469; x_wconf 75' lang='lat' dir='ltr'>medicinam</span> <span class='ocrx_word' id='word_1_93' title='bbox 820 1420 978 1469; x_wconf 80' lang='lat' dir='ltr'>afferre</span> <span class='ocrx_word' id='word_1_94' title='bbox 1015 1421 1238 1469; x_wconf 80' lang='lat' dir='ltr'>extribus</span> <span class='ocrx_word' id='word_1_95' title='bbox 1274 1421 1396 1487; x_wconf 77' lang='lat' dir='ltr'><strong>frag·</strong></span> 
     </span>
     <span class='ocr_line' id='line_1_16' title="bbox 81 1508 1392 1575; baseline -0.001 -20"><span class='ocrx_word' id='word_1_96' title='bbox 81 1509 248 1555; x_wconf 83' lang='lat' dir='ltr'>mentis</span> <span class='ocrx_word' id='word_1_97' title='bbox 284 1508 573 1555; x_wconf 75' lang='lat' dir='ltr'>Farnesianis</span> <span class='ocrx_word' id='word_1_98' title='bbox 610 1509 694 1556; x_wconf 78' lang='lat' dir='ltr'>hac</span> <span class='ocrx_word' id='word_1_99' title='bbox 719 1508 826 1557; x_wconf 82' lang='lat' dir='ltr'>illac</span> <span class='ocrx_word' id='word_1_100' title='bbox 853 1510 1070 1575; x_wconf 86' lang='lat' dir='ltr'>dispersis</span> <span class='ocrx_word' id='word_1_101' title='bbox 1094 1547 1105 1569; x_wconf 85' lang='lat'>,</span> <span class='ocrx_word' id='word_1_102' title='bbox 1147 1517 1392 1573; x_wconf 76' lang='lat' dir='ltr'>nostraque</span> 
     </span>
     <span class='ocr_line' id='line_1_17' title="bbox 82 1591 1357 1661; baseline 0 -20"><span class='ocrx_word' id='word_1_103' title='bbox 82 1611 193 1655; x_wconf 62' lang='lat' dir='ltr'>cura</span> <span class='ocrx_word' id='word_1_104' title='bbox 228 1595 276 1640; x_wconf 90' lang='lat' dir='ltr'>in</span> <span class='ocrx_word' id='word_1_105' title='bbox 310 1612 459 1643; x_wconf 87' lang='lat' dir='ltr'><strong>unum</strong></span> <span class='ocrx_word' id='word_1_106' title='bbox 497 1596 762 1661; x_wconf 80' lang='lat' dir='ltr'>compactis.</span> <span class='ocrx_word' id='word_1_107' title='bbox 1355 1591 1357 1595; x_wconf 57' lang='grc'><em>’</em></span> 
     </span>
    </p>

    <p class='ocr_par' dir='ltr' id='par_1_9' title="bbox 80 1683 1396 2168">
     <span class='ocr_line' id='line_1_18' title="bbox 706 1683 767 1728; baseline 0.049 -3"><span class='ocrx_word' id='word_1_108' title='bbox 706 1683 767 1728; x_wconf 82' lang='lat' dir='ltr'>V.</span> 
     </span>
     <span class='ocr_line' id='line_1_19' title="bbox 80 1781 1396 1839; baseline 0.003 -17"><span class='ocrx_word' id='word_1_109' title='bbox 80 1781 1396 1839; x_wconf 65' lang='lat' dir='ltr'><strong>AVRELNICTORI.EQ.SING.IVR.CONSTANTINI</strong></span> 
     </span>
     <span class='ocr_line' id='line_1_20' title="bbox 82 1859 1392 1910; baseline 0 -3"><span class='ocrx_word' id='word_1_110' title='bbox 82 1859 231 1907; x_wconf 85' lang='lat' dir='ltr'><strong>NAT.</strong></span> <span class='ocrx_word' id='word_1_111' title='bbox 274 1861 499 1910; x_wconf 80' lang='lat' dir='ltr'><strong>DACVS.</strong></span> <span class='ocrx_word' id='word_1_112' title='bbox 541 1862 810 1908; x_wconf 84' lang='lat' dir='ltr'><strong>ALLECT.</strong></span> <span class='ocrx_word' id='word_1_113' title='bbox 851 1862 956 1909; x_wconf 86' lang='lat' dir='ltr'><strong>EX.</strong></span> <span class='ocrx_word' id='word_1_114' title='bbox 999 1863 1141 1910; x_wconf 88' lang='lat' dir='ltr'><strong>ALA.</strong></span> <span class='ocrx_word' id='word_1_115' title='bbox 1183 1862 1221 1907; x_wconf 95' lang='lat' dir='ltr'>I.</span> <span class='ocrx_word' id='word_1_116' title='bbox 1264 1861 1392 1907; x_wconf 92' lang='lat' dir='ltr'><strong>ILLI</strong></span> 
     </span>
     <span class='ocr_line' id='line_1_21' title="bbox 101 1945 1374 1996; baseline 0.002 -5"><span class='ocrx_word' id='word_1_117' title='bbox 101 1945 289 1992; x_wconf 77' lang='lat' dir='ltr'><strong>riCOR.</strong></span> <span class='ocrx_word' id='word_1_118' title='bbox 329 1946 467 1994; x_wconf 87' lang='lat' dir='ltr'><strong>VIX.</strong></span> <span class='ocrx_word' id='word_1_119' title='bbox 507 1947 614 1994; x_wconf 91' lang='lat' dir='ltr'>AN.</span> <span class='ocrx_word' id='word_1_120' title='bbox 656 1947 888 1995; x_wconf 87' lang='lat' dir='ltr'><strong>XXXIII.</strong></span> <span class='ocrx_word' id='word_1_121' title='bbox 928 1947 1060 1996; x_wconf 88' lang='lat' dir='ltr'><strong>MIL.</strong></span> <span class='ocrx_word' id='word_1_122' title='bbox 1101 1947 1209 1995; x_wconf 91' lang='lat' dir='ltr'><strong>AN.</strong></span> <span class='ocrx_word' id='word_1_123' title='bbox 1251 1947 1374 1994; x_wconf 90' lang='lat' dir='ltr'><strong>XIII</strong></span> 
     </span>
     <span class='ocr_line' id='line_1_22' title="bbox 82 2031 1392 2085; baseline 0.005 -9"><span class='ocrx_word' id='word_1_124' title='bbox 82 2031 325 2081; x_wconf 78' lang='lat' dir='ltr'><strong>VLPIVS.</strong></span> <span class='ocrx_word' id='word_1_125' title='bbox 366 2032 658 2080; x_wconf 82' lang='lat' dir='ltr'><strong>MACEDO.</strong></span> <span class='ocrx_word' id='word_1_126' title='bbox 698 2033 800 2080; x_wconf 90' lang='lat' dir='ltr'><strong>ET.</strong></span> <span class='ocrx_word' id='word_1_127' title='bbox 841 2034 984 2082; x_wconf 87' lang='lat' dir='ltr'><strong>VLP.</strong></span> <span class='ocrx_word' id='word_1_128' title='bbox 1035 2033 1392 2085; x_wconf 84' lang='lat' dir='ltr'><strong>MATERNVS</strong></span> 
     </span>
     <span class='ocr_line' id='line_1_23' title="bbox 513 2119 967 2168; baseline 0.004 -2"><span class='ocrx_word' id='word_1_129' title='bbox 513 2119 706 2166; x_wconf 73' lang='lat' dir='ltr'><strong>DVPL.</strong></span> <span class='ocrx_word' id='word_1_130' title='bbox 747 2119 967 2168; x_wconf 84' lang='lat' dir='ltr'>HERED</span> 
     </span>
    </p>
   </div>
   <div class='ocr_carea' id='block_1_4' title="bbox 666 2319 801 2329">
    <p class='ocr_par' dir='ltr' id='par_1_10' title="bbox 666 2319 801 2329">
     <span class='ocr_line' id='line_1_24' title="bbox 666 2319 801 2329; baseline 0 0"><span class='ocrx_word' id='word_1_131' title='bbox 666 2319 801 2329; x_wconf 95' lang='lat' dir='ltr'> </span> 
     </span>
    </p>
   </div>
   <div class='ocr_carea' id='block_1_5' title="bbox 191 2380 685 2436">
    <p class='ocr_par' dir='ltr' id='par_1_11' title="bbox 191 2380 685 2436">
     <span class='ocr_line' id='line_1_25' title="bbox 191 2380 685 2436; baseline 0.01 -16"><span class='ocrx_word' id='word_1_132' title='bbox 191 2380 253 2435; x_wconf 77' lang='grc' dir='ltr'>(ι)</span> <span class='ocrx_word' id='word_1_133' title='bbox 284 2382 384 2436; x_wconf 61' lang='lat' dir='ltr'><strong>Pag.</strong></span> <span class='ocrx_word' id='word_1_134' title='bbox 418 2384 509 2424; x_wconf 62' lang='lat'><strong>356.</strong></span> <span class='ocrx_word' id='word_1_135' title='bbox 545 2400 583 2426; x_wconf 84' lang='lat' dir='ltr'>u.</span> <span class='ocrx_word' id='word_1_136' title='bbox 617 2385 685 2427; x_wconf 82' lang='grc'>80.</span> 
     </span>
    </p>
   </div>
  </div>
 </body>
</html>
