1633 2802
239 252 302 317 76

374 337 478 384 Seoe
513 336 760 388 Servilius
939 338 1139 388 Ressia.
1180 338 1239 386 L.
1284 338 1344 391 C„

375 421 587 470 Veiento
645 432 661 447 ⁰
709 439 712 442 ⁴
949 426 1225 490 Cleopatra

381 508 549 556 Ollas.
592 512 870 557 continuas.
904 541 907 544 -
943 527 1064 558 sets

253 647 256 650 ἢ
304 593 431 641 Vide
468 612 628 643 vocem
666 613 778 644 sexs
803 596 853 642 in
878 595 968 642 fine
1006 595 1154 644 lineae
1179 596 1438 645 adhibitam
1465 614 1553 662 pro

233 697 434 728 numero
470 681 649 728 senario
676 717 687 738 ,
728 682 808 730 sed
849 683 951 729 sine
971 690 1144 747 puncto
1180 682 1334 749 aliquo
1363 720 1376 741 ,
1417 683 1554 749 quod

236 783 371 813 secus
409 766 583 815 factum
626 768 672 813 in
711 767 994 833 Pompeiana
1030 777 1207 816 nostra.

306 852 473 918 Deque
530 870 583 916 τῃ
623 855 898 922 ορθογροιφιᾳ,
954 855 1160 919 primum
1218 863 1552 920 argumentum

237 939 541 1005 desumptum
568 977 582 1000 ,
645 939 862 1005 illudque
908 957 1001 986 non
1066 940 1128 987 de
1180 940 1327 988 nihilo
1374 941 1556 988 haben-

236 1025 372 1072 dum.
431 1024 529 1092 Sed
564 1026 816 1091 penitiores
868 1025 1027 1074 adhue
1058 1025 1262 1073 rationes
1315 1027 1552 1094 epigram-

234 1113 372 1158 matis
408 1112 556 1176 ipsius
573 1112 801 1159 sententia
843 1112 1135 1178 suppeditat.
1174 1111 1364 1178 Ecquid
1380 1112 1558 1159 enim?

241 1198 394 1245 Puero
428 1202 682 1257 sexenni,
721 1205 802 1244 aut
837 1214 1069 1244 annorum
1105 1198 1246 1243 etiam
1271 1198 1552 1257 sexdecim,

235 1286 397 1334 liceret
420 1323 433 1345 ,
472 1285 670 1350 pecunia
706 1302 788 1332 sua
839 1285 1017 1333 aedem
1062 1284 1216 1332 Isidis
1251 1295 1557 1333 terraemota

237 1377 534 1440 conlapsam
571 1390 605 1420 a
623 1371 968 1439 fundamento
1004 1369 1304 1420 restituere?
1339 1370 1475 1417 Patre
1505 1369 1558 1418 id

236 1462 408 1508 factum
434 1497 448 1519 ‚
493 1459 772 1524 reponitur,
812 1458 995 1508 vivente
1017 1495 1029 1516 ,
1070 1466 1148 1504 aut
1169 1466 1441 1505 testamento
1477 1475 1558 1522 pet

250 1545 493 1608 Tutores,
528 1547 928 1594 .Curatoresve?
964 1543 1139 1591 Gratis.
1180 1543 1302 1592 Nam
1355 1543 1408 1590 id
1443 1543 1558 1589 insi-

240 1642 443 1683 nuatum
481 1640 753 1698 oportuerat
787 1632 833 1678 in
870 1629 1006 1677 titulo
1031 1666 1044 1689 ,
1082 1639 1136 1676 ut
1172 1631 1222 1677 in
1264 1629 1557 1678 Eumachiae

244 1719 384 1768 titulo
406 1759 420 1779 ‚
458 1736 556 1783 quo
593 1723 789 1767 nomine
824 1736 945 1777 suo,
981 1725 1030 1766 ‚et
1067 1716 1186 1764 Filii
1218 1721 1304 1765 sai
1338 1719 1552 1766 Fronto-

243 1811 342 1865 nis,
385 1805 735 1854 Chalcidicum
759 1843 773 1866 ‚
816 1803 1012 1871 Crypta
1036 1841 1050 1863 ,
1088 1812 1136 1851 et
1159 1803 1398 1852 Porticus
1416 1804 1560 1851 Con-

242 1894 447 1943 cordiae
489 1892 725 1958 Pompeiis
761 1892 1054 1948 excitantur3
1094 1898 1148 1936 ut
1182 1889 1232 1935 in
1267 1889 1403 1936 titulo
1439 1888 1553 1934 Far-

243 1982 466 2040 nesiano,
506 1997 604 2046 quo
648 1981 711 2027 C.
749 1977 911 2027 Iulius
963 1975 1173 2026 Hermes
1206 1992 1328 2035 suO,
1384 1984 1431 2022 et
1465 1991 1555 2022 no-

245 2073 374 2116 mine
410 2067 467 2113 C.
507 2065 628 2114 Iulii
663 2066 848 2131 Regilli
881 2065 1037 2122 Filii,
1077 2063 1137 2111 de
1171 2078 1262 2109 suo
1303 2059 1437 2128 feeit
1471 2076 1556 2107 sa-

244 2173 403 2203 cram.
443 2154 567 2201 Cum
605 2153 747 2219 igitur
781 2151 848 2198 nil
881 2150 975 2197 tale
999 2157 1207 2196 occurrat
1241 2148 1289 2194 in
1314 2146 1556 2210 Pompeia·

243 2260 304 2288 no
342 2239 480 2288 titulo
504 2278 518 2300 ‚
556 2240 746 2286 nomine
782 2254 866 2285 suo
901 2236 1158 2284 dicendum
1180 2271 1195 2295 ‚
1233 2233 1346 2280 haec
1397 2233 1556 2278 omnia

246 2349 270 2375 a
306 2327 505 2392 Popidio
562 2326 677 2372 sacta
715 2326 762 2371 in
799 2323 937 2372 Isidis
973 2320 1166 2388 gratiam
1195 2358 1209 2380 ‚
1270 2336 1382 2368 eum
1429 2316 1479 2364 id
1515 2318 1558 2364 ei

248 2433 329 2481 per
365 2415 491 2481 leges
529 2412 710 2460 liceret.
751 2410 812 2458 At
849 2426 944 2457 non
970 2406 1195 2475 equidem
1230 2404 1282 2454 id
1317 2405 1360 2454 ei
1383 2420 1466 2470 per
1495 2401 1562 2449 len
