1633 2802
1274 303 1337 351 29

17 389 188 436 sionem
236 378 459 431 voluntati
517 376 721 426 Vesbim·
769 375 828 422 de
866 376 978 422 loco
1016 378 1203 439 petito,
1250 390 1334 422 ac-

23 482 259 538 ceptoque
286 502 298 525 ,
326 464 453 532 quod
489 464 635 510 notari
675 463 907 509 volumus.
931 461 1191 526 Epistolnm
1217 461 1332 509 hanc

17 553 313 618 consequitur
367 550 566 598 Curiatii
613 549 879 614 responsio„
938 566 1055 613 quae
1103 550 1269 614 incipit
1307 567 1331 596 a

16 657 147 694 versu
189 654 247 703 19
276 674 288 695 ‚
346 645 393 684 et
430 636 489 684 ad
526 635 843 701 penultimum
891 650 1041 698 usque
1082 634 1330 698 procedit,

16 728 121 774 data
158 725 311 792 pridie
347 723 466 772 Idus
490 722 777 787 Septembris
817 721 1045 768 Ameriae.
1079 720 1131 767 In
1160 739 1211 768 ea
1237 721 1333 768 Cu-

13 813 210 867 riatius,
252 829 342 859 non
370 819 553 858 tantum
591 808 815 857 voluntati
857 807 1173 854 Decurionum
1193 825 1240 854 se
1265 825 1338 855 ac-

17 900 184 948 cedere
221 897 524 945 libentissime
562 896 733 942 fatetur
763 933 774 953 ,
813 893 896 940 sed
934 893 1070 941 addit
1112 894 1333 958 insuper,

15 985 106 1033 sibi
143 985 190 1031 in
227 985 343 1034 votis
370 1000 466 1031 esse
495 1021 509 1042 .,
549 989 712 1028 uttam
738 980 930 1027 honesta
958 979 1175 1044 exempla
1197 981 1334 1027 etiam

16 1075 288 1138 provocari
350 1069 636 1121 honorifica
693 1071 1023 1116 'exornatione
1093 1066 1330 1115 debeant.

17 1157 256 1205 Hactenus
293 1155 427 1220 plana
463 1155 637 1201 onmia.
678 1153 785 1200 Duo
825 1171 946 1201 nunc
1009 1152 1333 1219 expedienda,

19 1259 136 1309 quae
161 1243 261 1289 viae
292 1241 527 1288 luctamen
548 1241 767 1303 praebere
787 1240 1040 1297 videntur,
1072 1258 1164 1308 quo
1190 1240 1338 1288 facilis

24 1329 84 1376 ad
119 1328 261 1375 finem
295 1344 445 1392 usque
481 1335 641 1393 pateat
677 1344 856 1373 cursus.

95 1433 137 1462 1.
177 1413 380 1462 Salivam
417 1414 539 1461 cient
574 1413 771 1460 Curiatii
807 1413 975 1461 verba:
1017 1414 1210 1461 accedo
1246 1418 1337 1461 ita-

22 1519 116 1568 que
151 1504 422 1548 sententiae
460 1512 665 1559 vestrae,
685 1518 785 1547 non
821 1511 1060 1566 tanquam
1099 1500 1339 1561 Clamor,

23 1586 114 1634 Sed
154 1596 396 1651 tanquam
414 1605 545 1635 unus
579 1604 649 1636 ex
676 1587 880 1634 Ordine.
928 1587 1054 1645 Quid
1085 1604 1138 1652 ‘eq
1168 1587 1339 1634 VNVS

24 1670 145 1719 EXS
156 1671 375 1720 ,ORDIN
378 1671 443 1719 E?
457 1673 770 1721 Decurionem
783 1689 964 1719 merum
979 1673 1344 1721 Caeretanorum

25 1756 270 1825 intellige;
309 1776 360 1806 ea
396 1760 523 1806 enim
574 1761 642 1808 vis
668 1759 933 1806 formulae:
974 1778 1103 1809 anns
1141 1778 1209 1806 ex
1250 1761 1342 1808 01·-

28 1845 181 1901 dine3
218 1844 421 1910 indeque
457 1845 622 1894 datum
656 1845 856 1913 intelligi
889 1883 903 1906 ,
929 1845 1195 1893 Curiatium
1235 1865 1342 1911 pro·

30 1931 150 1978 fiteri
179 1968 191 1988 ⁷
232 1948 278 1978 se
311 1932 626 1980 Decurionum
665 1933 884 1981 accedere
921 1936 1174 1980 sententiae
1197 1971 1210 1993 ,
1251 1950 1343 1980 non

31 2026 270 2083 tanquam
309 2020 610 2069 Curatorem
640 2059 653 2081 ,
692 2019 774 2065 sed
809 2031 1051 2086 tanquam
1098 2028 1142 2067 et
1186 2021 1341 2086 ipsum

29 2103 359 2153 Decurionem
399 2108 807 2155 Caeretanornm.

101 2204 147 2233 2.
188 2189 531 2256 Inquirendum
555 2231 566 2250 ,
607 2210 727 2258 quae
765 2194 822 2240 sit
845 2193 1122 2253 honorifica
1148 2193 1225 2240 illa
1252 2213 1279 2242 e

36 2279 264 2334 ornatio,
307 2297 398 2345 qua
436 2279 724 2327 cumulatum
760 2279 900 2327 vellet
935 2281 1199 2327 Vesbinuni
1248 2281 1346 2326 Cu-

37 2363 199 2410 riatius
237 2365 295 2412 ad
331 2368 655 2430 provocanda
693 2367 741 2412 in
779 2367 964 2414 caeteris
1005 2380 1102 2416 lam
1138 2369 1346 2415 honesta

36 2452 270 2516 exempla
325 2453 373 2498 in
410 2453 689 2519 reipublicae
748 2454 943 2500 bonum.
995 2455 1347 2508 Honorislcam

34 2534 184 2601 inquit
220 2545 599 2592 exornationem
621 2578 634 2602 ‚
657 2556 747 2590 non
775 2558 1053 2591 onerosam.
1085 2540 1346 2589 Gratuitam
