1633 2802
247 220 279 265 8

310 301 562 349 Marmoris
600 301 796 348 fractura
823 339 834 358 ‚
884 310 981 347 tam
1019 316 1215 364 superne
1239 338 1251 359 ‚
1304 318 1446 366 quam
1482 303 1556 348 in-=

240 389 372 436 ferne
394 425 409 447 ,
447 386 637 434 Puellae
670 422 684 445 ‚
723 388 799 436 cui
834 385 1001 433 titulus
1039 403 1062 432 a
1087 385 1203 432 Viro
1241 387 1437 451 positus,
1471 405 1556 434 no·

244 490 354 520 men
392 470 602 530 invidit,
664 488 809 538 quam
841 472 1065 520 iacturam
1100 469 1234 518 facile
1271 471 1548 520 toleramus⁰

239 559 315 606 Ad
351 574 537 606 carmen
562 555 698 623 quod
722 565 925 623 spectat,
964 556 1099 623 plane
1134 557 1554 621 iucundissimum,

241 642 366 690 illud
401 642 506 689 data
548 659 687 707 opera
742 644 788 689 in
828 660 957 690 senas
993 644 1241 708 particulas
1280 649 1549 706 sccnimus,
1614 684 1616 694 ,

240 747 335 794 quo
372 730 596 777 sententia
635 729 734 774 eius
771 730 919 776 omnis
957 737 1001 776 et
1038 729 1217 794 plenius
1245 769 1260 791 ,
1300 742 1342 779 et
1369 733 1552 781 facilius
1615 744 1616 790 ξ

239 826 433 864 constet.

1612 486 1627 508 Α

315 922 357 951 1.
398 903 533 950 Prior
568 901 701 948 lineis
740 910 941 966 quatuor
978 900 1272 956 concluditur
1296 939 1310 960 ⁷
1348 920 1467 967 quae
1494 903 1553 949 ti·
1616 911 1618 966 ζ

235 986 334 1034 tulo
362 1025 376 1047 ,
413 989 612 1052 proemii
647 987 776 1043 loco,
819 986 1119 1047 inserviunt,
1160 986 1372 1052 nihilque
1409 1005 1545 1053 prae-

233 1084 358 1123 terea
395 1075 445 1122 in
482 1092 528 1121 se
565 1074 733 1133 habet,
772 1073 900 1140 quod
928 1075 1096 1123 morari
1133 1073 1356 1122 lectorem
1382 1084 1540 1141 queat.

307 1179 354 1206 2.
392 1160 434 1206 A
470 1177 607 1206 versu
644 1162 807 1224 quinto
859 1158 916 1205 ad
955 1159 1192 1207 decimum
1251 1177 1397 1225 usque
1445 1179 1552 1225 pro·
1618 1157 1633 1191 ἶ(

234 1246 464 1313 greditur.
519 1245 701 1292 Versus·
731 1246 856 1310 prior
891 1246 1168 1293 sententiam
1221 1246 1549 1311 complectitur

236 1333 298 1380 ad.
333 1331 676 1396 Epicureorum
711 1330 919 1396 palatum
939 1330 1333 1379 adcomodatam:
1386 1337 1551 1381 omnia

231 1417 453 1465 videlicet
490 1436 598 1466 eum
633 1421 732 1465 vita
751 1422 916 1483 per-ire
943 1455 958 1478 ‚
996 1429 1043 1467 et
1065 1421 1239 1466 inania
1253 1418 1402 1480 fieri,
1423 1418 1548 1470 idest

235 1505 285 1550 in
323 1503 523 1551 nihilum
559 1503 698 1550 abire.
748 1502 928 1552 Verum
962 1499 1076 1550 haec
1134 1505 1171 1551 si
1208 1506 1269 1552 ita
1304 1505 1439 1565 sint,
1479 1522 1549 1553 re-=

236 1607 411 1655 ponere
459 1591 564 1656 quis
587 1590 686 1637 iure
708 1600 922 1653 poterat,
960 1591 1090 1637 eccui
1124 1590 1246 1638 bono
1280 1599 1379 1638 tam
1416 1592 1548 1640 labo-

236 1675 358 1723 riosa
395 1676 519 1722 tituli
557 1674 830 1725 accuratio?
864 1675 940 1724 cui
976 1676 1332 1743 interrogationi
1369 1679 1433 1725 ita
1469 1678 1550 1726 ob-

237 1762 362 1810 viam
402 1763 437 1808 it
475 1772 605 1810 vates
639 1763 918 1828 Epicureus.
958 1761 1141 1811 Titulos
1164 1799 1177 1822 ,
1216 1781 1425 1830 quorum
1460 1782 1548 1832 ope

238 1847 364 1895 vitae
399 1848 622 1914 cuiusque
675 1849 864 1897 indicia
899 1856 1145 1913 patescunt
1170 1886 1186 1908 ,
1235 1850 1431 1897 minime
1467 1869 1545 1899 ne-

236 1931 507 1998 gligendos,
548 1939 778 2001 quatinus
815 1936 912 1985 hoe
948 1937 1089 2001 volgo
1120 1955 1412 2002 persuasum
1448 1946 1540 1995 est;

236 2018 358 2065 idest
396 2029 443 2066 ut
467 2019 600 2086 vulgi
625 2022 834 2069 moribus
857 2060 883 2083 ‚.
908 2024 1290 2090 persuasionique
1316 2033 1540 2088 pareatur.

238 2103 515 2165 Caeterum,
557 2117 609 2157 ut
643 2108 772 2176 quod
819 2111 917 2175 ipse
953 2109 1119 2171 sentit,
1172 2111 1368 2177 ingenue
1402 2113 1543 2176 profi-

236 2199 386 2238 teatur
413 2229 426 2251 ,
477 2194 640 2243 diram
691 2215 797 2245 esse
833 2196 1153 2261 cupidinem,
1202 2199 1408 2246 ulterius
1456 2217 1544 2247 na-

239 2290 455 2327 scentem
492 2282 705 2348 aliquem
738 2283 1012 2348 procedere
1037 2282 1164 2331 hora
1188 2302 1200 2341 ;
1240 2284 1325 2331 hoc
1349 2293 1415 2331 est
1441 2283 1541 2331 lon-

238 2382 296 2432 ga
331 2366 484 2416 animo
521 2357 734 2417 mortales
769 2369 958 2421 vivendi
995 2379 1098 2422 vota
1134 2373 1397 2439 concipere,
1424 2388 1539 2437 quos
