1633 2802
1289 243 1337 273 11

105 310 154 356 6.
196 305 306 372 Biga
343 306 601 351 carminum
654 313 878 370 postrema
908 342 919 363 ,
961 323 1079 372 quae
1117 316 1212 356 tota
1249 310 1347 358 fere

34 403 207 442 constat
242 391 396 438 labore
418 428 432 451 ‚
459 388 762 458 periculoque
782 401 959 452 nostro,
987 393 1217 461 Coniugis
1242 397 1349 461 pie-

34 490 175 528 tatem
212 478 503 526 commendat
539 478 589 525 in
624 480 886 528 extruendo
921 479 1070 533 Uxori
1109 497 1219 530 suae
1254 480 1340 529 de·-

34 576 238 615 mortuae
276 575 597 614 monumento.

83 738 147 786 In
182 749 319 789 vetus
353 741 567 790 Eburz‘ci
603 741 867 810 Municipii
904 758 1285 796 monumentum.

95 1084 191 1145 Qui
229 1085 317 1132 sibi
354 1085 660 1135 meditatione
698 1087 878 1135 assidua
916 1091 961 1135 in
996 1097 1211 1138 veterum
1247 1107 1347 1138 mo-

29 1174 262 1220 numentis
298 1173 641 1239 perlustrandis
679 1194 821 1224 usum
862 1176 1069 1240 aliquem
1109 1194 1349 1242 compara-

28 1269 197 1309 verunt
223 1298 238 1321 ,
292 1259 367 1308 his
402 1263 655 1311 usuvenire
708 1262 949 1310 interdum
1006 1263 1166 1323 solet,
1225 1274 1277 1310 ut
1316 1268 1353 1312 si

27 1345 219 1412 quando
253 1349 301 1395 in
327 1365 506 1397 novum
530 1347 723 1414 aliquod
752 1385 763 1405 ,
794 1348 1145 1415 longiusculum
1167 1351 1216 1396 in
1246 1353 1352 1416 pri-

31 1435 157 1496 mis,
193 1433 420 1501 siglisque
455 1434 659 1483 notabile
687 1473 700 1496 ,
741 1435 985 1492 incidant;
1027 1440 1182 1504 primo
1208 1439 1352 1485 intui—

30 1529 84 1568 tu
106 1559 121 1584 ,
159 1522 303 1570 veteri
331 1521 609 1570 confidentia
637 1560 650 1581 ,
689 1522 828 1588 plana
847 1526 1000 1571 omnia
1020 1525 1131 1589 ipsis
1157 1524 1352 1574 videan-

35 1616 131 1655 tur.
174 1608 351 1656 Verum
388 1626 496 1657 cum
536 1627 704 1658 manus
741 1613 872 1675 operi
910 1609 1158 1659 admovere
1180 1648 1194 1669 ,
1234 1610 1349 1657 sibi-

36 1713 131 1760 que
167 1693 380 1743 omniuin
429 1698 649 1744 rationem
689 1696 886 1744 reddere
915 1734 927 1756 ,
981 1696 1237 1762 contingit,
1298 1705 1349 1742 ut

33 1772 215 1849 singula
273 1782 470 1850 singulis
494 1822 508 1845 ,
549 1785 701 1831 omnia
755 1783 969 1829 omnibus
1030 1782 1343 1841 cohaereant,

39 1877 140 1916 tum
176 1869 367 1917 demum
406 1869 738 1918 confidentiam
775 1878 980 1933 ponant,
1021 1878 1066 1915 et
1092 1870 1223 1916 vivos
1251 1886 1346 1915 non

37 1956 178 2005 semel
216 1976 395 2024 ungues
434 1957 647 2006 arrodere
685 1958 830 2006 coacti
855 1995 867 2016 ,
910 1957 968 2004 de
1003 1959 1202 2005 suismet
1239 1961 1350 2007 viri-

37 2045 123 2093 bus
160 2047 413 2095 modestius
449 2047 621 2095 sentire
657 2044 912 2110 aliquando
949 2045 1175 2093 ediscant.
1207 2047 1350 2107 Quod

37 2134 170 2182 nobis
208 2133 429 2184 accidisse
463 2151 644 2201 nuper,
685 2134 882 2180 minime
919 2149 1136 2181 veremur
1162 2134 1353 2197 profite-

40 2222 116 2279 ri,
152 2222 199 2268 in
236 2223 422 2270 recitato
459 2221 595 2270 nobis
633 2220 772 2268 titulo
798 2258 810 2278 ‚
850 2237 994 2284 quem
1031 2222 1183 2284 prima
1238 2222 1351 2267 facie

44 2307 385 2356 aestimavimus
421 2308 485 2356 nil
525 2326 616 2354 non
655 2307 845 2354 obvium
900 2306 1033 2353 nobis
1091 2308 1348 2353 continere.

45 2389 219 2440 Verum
255 2394 494 2443 enimvero
531 2412 638 2442 cum
679 2411 758 2458 per
806 2394 952 2440 otium
1008 2394 1161 2458 primo
1218 2393 1352 2439 illum
