1633 2802
244 147 308 194 52

241 231 528 298 appellat053
567 231 927 297 Decurialesque
963 229 1160 295 proinde
1197 246 1271 277 eos
1297 229 1441 278 fuisse
1477 230 1554 278 di-

241 329 335 367 ctos
356 357 369 379 ‚
409 319 490 383 qni
518 336 607 365 non
635 327 767 365 erant
792 327 916 364 extra
948 334 1193 363 numerum
1218 353 1230 374 ,
1257 316 1554 382 legitimum-

243 424 332 471 que
369 405 525 451 locum
563 403 871 468 occupabant.
914 403 1047 450 Nihil
1086 421 1194 468 ergo
1233 421 1315 469 per
1364 420 1444 451 nos
1480 404 1556 451 in-

243 492 514 540 novandum
552 492 600 537 in
636 506 880 537 marmore.
923 489 1177 536 Lenissima
1215 506 1333 554 opus
1353 499 1421 537 est
1455 509 1555 539 me-

244 576 397 624 dicina
434 576 576 633 huic,
619 575 749 641 quod
787 575 1044 640 sequiturz'

834 660 975 707 XIII.

813 747 874 793 D.
916 747 986 792 M.

533 833 593 880 L.
631 831 968 879 VALERIVS.
1010 831 1264 879 VALENS

604 916 1053 966 MANIPVLARIS.
1093 917 1197 963 LIB

493 1018 497 1021 ·
534 1003 793 1071 IVSITIA.
834 1004 990 1051 NAT.
1030 1001 1264 1050 BESSVS

437 1089 595 1140 STIP.
636 1088 873 1138 XXVIII.
914 1088 1129 1135 VIXIT.
1168 1088 1365 1137 ANNIS

440 1174 669 1224 XLVIII.
709 1173 1051 1221 VALERIVS.
1093 1174 1359 1223 PRISCVS

260 1259 506 1328 fILIVS.
550 1259 654 1309 ET.
699 1259 803 1306 HE.
845 1257 1007 1305 EIVS.
1047 1258 1238 1305 PATRI
1278 1261 1335 1306 B.
1379 1259 1450 1306 M.
1489 1258 1532 1306 F

312 1349 404 1396 Pro
438 1348 624 1397 Iusitia
659 1364 779 1397 vers.
822 1346 870 1405 4.
912 1345 1091 1413 corrige
1129 1344 1432 1392 IVSTITIA.
1466 1346 1561 1394 Ha-

243 1436 379 1483 bebis
415 1432 761 1499 Manipularem
797 1430 1052 1480 Liburnae
1088 1430 1564 1481 Iustitiae.>Iustitia

245 1521 328 1570 (lat
362 1521 594 1570 Mal-iuius
627 1520 744 1587 (1),
782 1519 859 1567 sed
900 1503 1131 1566 marmore
1167 1518 1314 1568 invito

828 1603 990 1652 XIIII.

829 1690 889 1736 D.
931 1689 984 1736 M

569 1780 640 1826 M.
679 1776 937 1824 VALERI.
977 1774 1254 1823 MARCINI

521 1864 608 1913 III.
649 1865 932 1924 VENERE.
976 1862 1130 1910 NAT.
1171 1861 1303 1908 SYR

537 1951 670 1998 MIL.
718 1951 873 1998 ANN.
913 1949 1049 1996 XVI.
1088 1948 1276 1996 VIXIT

518 2037 736 2084 ANNIS.
782 2036 1034 2084 XXXxV.
1086 2033 1292 2081 HERES

538 2122 775 2171 IVLIVS.
820 2118 1275 2169 HERMOGENES

612 2207 704 2257 III.
743 2208 922 2257 PACE.
962 2207 1019 2255 B.
1059 2206 1127 2254 M.
1165 2204 1205 2252 F

354 2379 426 2434 (1)
455 2378 563 2425 Tav.
595 2380 772 2422 XXXII.
803 2395 848 2435 p.
882 2377 985 2427 353.
