1633 2802
1311 268 1367 318 ¹7

59 343 179 409 gulis
218 340 310 391 HS.
366 340 505 387 annui
542 358 583 387 x
613 375 626 398 ,
668 356 774 386 nam
832 339 908 386 hic
961 337 1059 386 hiat
1111 339 1317 387 Marmor
1345 379 1360 401 ‚

60 445 167 476 cum
204 427 364 476 addito
397 426 608 476 Semisse
630 462 642 484 ,
682 427 763 491 qui
800 430 1108 492 conspicuum
1144 442 1192 475 se
1227 443 1362 493 prae-

61 518 142 566 het
175 515 222 561 in
259 529 427 572 εκτυπῳ
467 512 600 559 nobis
638 511 829 558 tradito.

123 602 173 649 6.
210 598 572 666 Augustalibus
598 597 708 648 HS.
739 597 869 646 XII.
901 600 945 650 N
960 619 973 659 ;
1011 600 1218 668 intellige
1245 619 1366 650 sem-

55 704 138 754 per
174 687 478 746 Collocavzt,
516 704 635 752 quae
671 685 811 735 semel
848 687 984 734 initio
1020 689 1171 752 posita
1225 705 1313 735 vox
1346 727 1360 748 ,

55 782 160 821 noto
194 770 378 833 ελλυψις
413 790 615 840 genere,
652 771 915 821 subticetur
939 773 985 820 in
1034 773 1358 839 sequentibus.

117 877 163 927 7.
207 860 435 924 Collegio
470 859 649 907 Dendt·
651 859 914 926 ophorum,
939 870 985 907 et
1009 858 1228 907 Fabrum
1252 863 1360 908 sin-

48 945 179 1010 gulis
214 942 310 992 HS.
351 942 576 994 millenos
614 944 691 1002 N;
731 956 779 993 et
812 945 1041 1011 Epulum.

115 1033 163 1079 8.
203 1032 407 1079 Demum
442 1033 641 1082 Ρῖεόεἱς
675 1034 886 1097 singulis
921 1030 1018 1080 HS.
1061 1030 1173 1079 XII.
1213 1029 1282 1078 Ν.
1313 1044 1361 1080 et

51 1119 460 1169 Visa-emtionem.
501 1119 573 1166 De
608 1118 804 1185 Epulo,
845 1127 892 1166 et
926 1119 1245 1167 visceratione
1282 1135 1360 1165 su-

47 1206 343 1270 persedemus
379 1205 568 1263 dicere,
608 1205 744 1270 quod·
774 1222 844 1253 res
896 1205 988 1253 sint
1044 1205 1164 1252 inter
1222 1213 1358 1258 notas

48 1293 348 1352 notissimae,
387 1302 434 1340 et
468 1310 491 1339 a
516 1293 626 1341 viris
660 1291 854 1340 eruditis
888 1290 1066 1339 iamdiu
1107 1309 1361 1357 praeoccu-

47 1368 207 1444 patae}
235 1379 437 1428 Tantum
489 1379 707 1428 admirari
765 1378 879 1426 libet
940 1377 1132 1426 effusam
1169 1377 1353 1427 Silvani

45 1464 370 1513 liberalitatem
398 1504 412 1525 ,
449 1468 527 1531 qui
567 1483 648 1530 pro
682 1465 820 1512 unius
855 1464 1049 1511 Statuae
1103 1465 1354 1513 dedicatio·

48 1569 104 1597 ne
127 1589 137 1609 ,
178 1560 223 1597 et
258 1551 316 1598 ab
355 1570 443 1600 uno
480 1553 875 1619 Dendrophorum
912 1551 1123 1617 Collegio
1149 1551 1237 1597 sibi
1267 1569 1353 1615 po·

47 1640 197 1696 δῆθε,
238 1657 324 1685 non
361 1650 605 1687 conuunus
643 1639 992 1703 Dendrophoffis
1028 1640 1101 1687 Βῆ
1139 1637 1349 1685 reustssse
1408 1630 1411 1633 i

48 1727 274 1790 gratiam,
317 1727 721 1794 Quinquennales
759 1728 917 1784 otiam,
955 1725 1167 1784 IIviros‚
1200 1726 1359 1772 Aedi-

52 1815 193 1863 licios
233 1851 245 1872 ,
305 1815 615 1863 Decurio‘nes
694 1816 926 1862 universos
1004 1811 1355 1877 complectitur;

48 1900 217 1967 quibus
250 1901 522 1968 Augustales
559 1901 692 1949 addit
731 1917 839 1947 cum
875 1898 1090 1965 Collegio
1128 1898 1352 1957 Fabrfim,

49 1995 92 2032 et
126 1985 320 2035 Plebeos
358 1987 563 2053 denique
600 1987 819 2052 singulos.
860 1985 1141 2032 Sestertium
1183 2003 1267 2051 pro
1308 2004 1356 2032 re

49 2082 170 2122 tanta
205 2083 308 2122 tum
345 2075 608 2122 oblatorum
632 2112 644 2133 ,
686 2083 787 2119 tum
817 2072 1151 2120 collocatorum
1175 2109 1188 2131 ,
1227 2072 1357 2118 initis

50 2161 299 2209 rationibus
336 2179 361 2209 e
395 2163 588 2210 summis
625 2159 885 2227 singulariis

123 2266 165 2294 1.
241 2251 372 2295 8000

123 2350 167 2379 2.
215 2352 366 2381 20000

124 2418 169 2464 3.
216 2438 368 2467 12000

125 2506 172 2563 4.
250 2524 375 2555 1000
1197 2523 1221 2550 2
