1633 2802
687 262 798 310 XII.

671 350 731 396 D.
771 349 824 396 M

534 437 589 483 P.
646 435 953 484 SEXTILIO

500 525 866 571 MARCELLO.
927 523 988 570 N.

503 610 755 658 ITALVS.
797 610 991 656 DOMV

367 696 520 745 NOL.
573 698 868 745 OPTIONI.
910 696 1010 744 CL.
1052 694 1127 743 PR

361 785 429 831 M.
473 784 725 832 SEXTIL.
786 782 1001 831 FELIX.
1040 783 1126 829 ET

229 868 520 920 PETELIA.
564 871 775 918 IVSTA.
817 870 952 916 PAR.
982 870 1088 917 ET.
1131 869 1268 916 MAR

457 956 750 1004 DVLCISS.
791 957 854 1002 B.
894 957 963 1003 M.
1003 956 1042 1002 F

158 1043 333 1090 Versus
370 1044 664 1108 penultimus
701 1062 845 1110 aequa
889 1043 1071 1108 indiget
1131 1043 1405 1106 interpreta-

91 1131 258 1201 tione„
292 1140 344 1177 ut
381 1130 521 1176 PAR.
560 1131 668 1177 ET.
708 1131 862 1176 MAR.
905 1127 1118 1175 insolenti
1156 1129 1406 1176 decurtan-

96 1219 148 1266 di
183 1219 422 1284 prurigine
451 1254 464 1276 ‚
502 1219 596 1263 sint
632 1216 822 1276 Pater,
876 1229 922 1265 et
957 1214 1156 1275 Mater,
1195 1216 1407 1280 adeoque

95 1305 323 1352 ultimum
360 1301 563 1352 F.Filc·0
598 1302 733 1350 reddi
776 1313 1028 1369 opporteat.
1072 1303 1171 1350 Hae
1196 1304 1316 1350 facta
1341 1304 1410 1350 lc-

92 1392 282 1441 vissima
337 1388 564 1438 medicina
604 1397 625 1450 ‚'
669 1391 825 1438 omnia
884 1392 973 1438 rite
1026 1389 1279 1456 procedere
1335 1389 1409 1438 vi-

94 1475 282 1526 dentur.

165 1561 398 1610 Hactenus
422 1562 665 1611 titulorum
691 1562 1000 1628 quadratariis
1023 1601 1037 1624 ,
1064 1563 1411 1629 exceptoribus-

97 1664 175 1710 ve,
202 1659 282 1697 aut
315 1651 453 1698 etiam
489 1651 599 1700 viris
636 1648 801 1711 doctis,
823 1650 905 1714 qui
925 1648 1046 1697 male
1066 1648 1127 1696 de
1161 1650 1217 1697 iis
1255 1650 1409 1696 meriti

99 1735 351 1796 videntur,
391 1737 492 1785 dies
527 1736 671 1785 dicta.
712 1736 851 1784 Nunc
881 1738 930 1783 in
957 1736 1210 1784 titulorum
1247 1745 1410 1786 aucto,

99 1839 174 1871 res
208 1824 331 1888 ipsos
383 1825 663 1890 quaepiam,
706 1821 955 1871 coronodis
1011 1840 1205 1884 caussa,
1264 1823 1411 1871 adno-

102 1911 275 1959 tanda:
314 1910 443 1976 quod
477 1911 655 1959 idcirco
711 1911 905 1958 facimus
934 1947 949 1970 ,
988 1919 1042 1956 ut
1077 1927 1135 1956 ne
1174 1909 1409 1957 Til-onum

101 1997 269 2043 animis
303 1997 504 2045 insideat
539 1998 816 2064 aliquando,
854 2005 1006 2044 vetera
1043 1999 1196 2045 omnia
1234 2015 1403 2064 perpe-

103 2090 186 2129 tuo
220 2099 404 2130 manare
439 2084 578 2131 melle
602 2122 615 2145 ,
654 2101 941 2148 sesamoque.
971 2078 1412 2148 Ferendum'quip-

106 2185 165 2234 pe
201 2185 339 2217 suum
389 2169 568 2217 homini
606 2171 772 2236 cuique
826 2170 1127 2217 humanitatis
1177 2170 1364 2236 pondus
1394 2207 1408 2228 .,

107 2256 437 2323 maximusque
494 2257 574 2303 ille
627 2266 729 2317 est,
788 2262 872 2323 qui
932 2261 1135 2305 minimis
1182 2267 1404 2321 urgetur.

109 2338 237 2402 Quid
271 2342 397 2392 euim
431 2342 502 2392 illi
535 2344 675 2392 facies
700 2381 713 2405 ,
752 2344 831 2412 qui
868 2361 974 2392 eum
1024 2343 1234 2392 defuncti
1270 2360 1412 2391 annos
