1633 2802
237 217 303 265 90

305 284 465 353 Apage
501 281 807 332 deliramenta
842 301 967 332 mera
993 283 1281 332 ebriosorum
1309 285 1544 332 somnian-

234 372 354 419 tium
376 412 389 431 ,
429 371 586 437 qualia
622 372 789 420 decent
827 372 1033 420 Numini
1070 371 1151 418 tali
1175 369 1362 418 PROB.
1392 371 1542 419 SAN-

237 457 438 506 CTISS.
479 459 726 506 addictos!

303 544 400 592 Sed
436 545 592 604 itane,
636 545 761 592 (licet
799 545 903 610 quis
931 582 944 604 ,
983 545 1063 610 qui
1101 545 1415 592 Marmoribus
1446 535 1555 611 sup-

231 632 382 697 petias
435 631 596 680 afferre
632 632 854 679 hactenus
876 669 890 693 ‚
931 649 1045 698 quas
1082 631 1319 697 potuimus
1351 668 1365 691 ‚
1404 632 1554 679 conati

227 735 388 766 sumus
411 756 423 778 ‚
463 719 521 766 ab
560 720 670 784 ipsis
707 719 889 768 nullam
924 719 1173 766 referentes
1209 720 1403 785 gratiam
1441 720 1542 768 dis-

231 803 452 853 cedemus
478 808 506 852 ?
556 804 613 853 Id
648 823 761 855 vero
798 823 964 872 parum
1002 805 1193 853 urbane.
1244 806 1554 853 Marmoribus

232 892 389 940 nullae
426 892 536 941 satis
572 892 733 942 haberi
772 892 944 960 gratiae
980 900 1192 957 queunt,
1219 899 1271 939 ut
1294 890 1421 940 docti
1447 910 1550 939 om-

230 997 312 1027 nes
341 980 670 1041 consentiunt,
710 988 758 1028 et
775 980 993 1026 fatentur.
1023 978 1120 1027 Sed
1155 978 1374 1045 quoniam
1427 981 1558 1028 insti-

230 1067 319 1113 tuti
356 1067 501 1114 nostri
537 1084 630 1114 non
668 1075 770 1127 est,
833 1065 922 1114 hoc
966 1065 1026 1113 de
1063 1067 1327 1132 argumenti
1376 1083 1550 1132 genere

231 1169 398 1218 agere,
438 1170 495 1199 ne
532 1153 704 1219 ingrati
728 1153 923 1200 omnino
950 1150 1199 1199 videamur
1221 1188 1236 1211 ,
1273 1151 1465 1199 titulum
1499 1170 1553 1200 u-

230 1256 345 1286 num
374 1239 615 1286 afferemus
634 1276 647 1300 ,
677 1257 771 1305 quo
795 1247 841 1286 et
864 1238 1156 1306 Geographis
1179 1277 1192 1299 ,
1230 1245 1277 1285 et
1315 1239 1554 1287 Plinianae

233 1326 424 1375 cuidam
465 1325 686 1393 vulgatae
720 1325 948 1387 lectioni,
1002 1324 1088 1374 sed
1121 1335 1362 1395 corruptae
1383 1366 1394 1388 ‚
1447 1345 1550 1395 gra-

237 1420 340 1460 tum
380 1412 621 1461 faciamus,

719 1536 721 1539 ,
814 1496 956 1546 XIII.

811 1585 874 1632 D.
914 1584 969 1631 M

556 1670 619 1731 Q.
658 1670 804 1717 VAL.
846 1669 1012 1720 MAX.
1051 1670 1227 1718 VETE

625 1753 989 1802 VERNOSTE.
1031 1755 1157 1802 MlL

585 1838 744 1887 ANN.
781 1841 969 1890 XXVI.
1010 1840 1195 1890 VIXIT

556 1925 714 1975 ANN.
755 1925 958 1974 XLVII.
999 1927 1061 1986 Q.
1102 1927 1231 1976 VAL

712 2012 934 2072 AQVIL.
974 2013 1076 2061 FIL

770 2098 828 2145 B.
866 2100 937 2148 M.
976 2099 1015 2146 F

307 2184 554 2235 Venostes
581 2220 594 2243 ‚
635 2183 763 2232 Gens
799 2185 970 2250 Alpina
994 2222 1009 2246 ‚
1047 2196 1332 2236 memoratur
1388 2208 1412 2237 a
1447 2188 1544 2236 Pli-

240 2273 318 2321 nio
351 2273 399 2320 in
454 2269 768 2336 descriptione
824 2270 1025 2337 Tropaei
1060 2272 1220 2340 Alpini
1252 2274 1345 2343 (1).
1382 2274 1545 2326 Lectio

354 2446 420 2500 (ι)
450 2443 550 2484 vid.
582 2443 764 2486 Morcell.
796 2459 839 2499 p.
870 2445 937 2497 67.
