1633 2802
1313 256 1378 318 93

63 352 105 391 et
145 346 297 392 annui
317 377 330 400 ‚
368 347 420 387 ut
457 338 623 388 caeteri
662 339 755 387 fere
791 354 986 399 omnes,
1028 348 1193 398 erant,
1237 339 1372 387 nulli-

64 447 208 495 usque
243 445 450 492 unquam
486 427 603 474 dicti
640 426 838 475 Viearii
858 429 887 474 ?

132 531 177 559 2.
217 512 373 578 Siglae
410 522 590 559 nostrae
627 512 894 577 Augustaea
915 522 1126 578 tempora
1145 514 1340 561 attinent
1363 551 1377 574 ‚

64 604 110 648 in
147 599 317 664 quibus
376 600 456 647 etsi
482 637 494 658 ‚
536 598 663 663 quod
724 616 796 646 res
832 607 957 659 erat,
1013 599 1073 645 ad
1108 599 1378 664 Principem

63 687 274 732 universa
328 684 672 743 referebantur,
734 683 885 732 verbis
943 692 1102 730 tamen
1155 684 1380 749 parceba-

61 780 166 830 tur,
205 771 474 835 praesertim
511 770 561 816 in
598 767 852 836 Oppidulis
876 806 887 825 ‚
929 781 983 816 ut
1007 769 1236 817 libertatis
1274 772 1376 835 pri·³

63 858 207 904 stinae
240 856 384 905 veluti
422 857 602 922 imago,
645 856 742 902 sine
762 855 962 904 invidiae
997 856 1239 920 periculo,
1279 873 1378 905 ser-

62 950 265 990 varetur.
326 942 394 989 Ut
430 943 574 1008 igitur
611 942 892 989 coniecturis
945 943 1114 990 nostris
1151 943 1373 992 nuntium

63 1030 355 1078 remittamus
377 1066 390 1089 ‚
430 1028 587 1076 nullae
638 1026 908 1075 adhucdum
945 1027 1110 1077 allatae
1146 1028 1369 1079 videntur

65 1105 280 1181 cogentes
318 1115 532 1162 rationes.

137 1204 337 1268 Corpus
371 1201 652 1260 Iulianum,
707 1201 899 1266 eiusque
941 1203 1212 1252 Cerzturiczs
1235 1221 1334 1253 sex
1361 1241 1375 1264 ‚

72 1287 250 1352 ecquid
286 1287 460 1346 fuerit,
510 1304 689 1353 quaeve
724 1287 1052 1335 Centuriarum
1100 1290 1263 1336 munia
1286 1327 1299 1350 ‚
1356 1308 1382 1338 e

65 1374 234 1440 quibus
270 1377 550 1421 immunitas
606 1373 794 1420 decreta
843 1373 899 1420 C.
953 1373 1080 1421 Julio
1118 1374 1331 1424 Hermeti
1364 1413 1378 1435 ,

66 1460 276 1525 ignorare
306 1463 387 1506 n'os
414 1496 427 1518 ,
487 1459 687 1525 ingenue
724 1458 913 1523 professi
952 1478 1112 1508 sumus
1157 1462 1217 1509 ad
1271 1479 1379 1529 pag.

68 1545 151 1611 73.
192 1543 333 1591 Nunc
362 1581 375 1603 ,
446 1561 562 1611 quae
600 1544 811 1591 animum
861 1545 945 1592 hac
994 1545 1053 1592 de
1090 1563 1139 1594 re
1194 1548 1384 1594 incessit

67 1630 266 1695 suspicio
296 1667 309 1689 ‚
362 1631 561 1696 ingenue
595 1631 708 1676 item
746 1632 1048 1694 profitemur,
1111 1633 1207 1679 sine
1245 1633 1383 1681 vadi-

68 1718 246 1779 monio.
286 1715 405 1763 Cum
443 1715 573 1763 nullo
610 1719 785 1781 quippe
823 1717 956 1776 Deo,
1020 1734 1106 1764 nec
1141 1736 1225 1784 per
1260 1735 1386 1766 som-

67 1804 200 1849 nium
219 1839 233 1861 ‚
261 1820 344 1850 nec
381 1819 462 1866 per
496 1803 650 1849 visum
669 1840 681 1863 ‚
712 1819 945 1849 sermones
972 1803 1163 1852 miscere
1191 1803 1378 1852 datum.

137 1888 247 1936 Sex·
281 1889 437 1952 itaque
478 1889 718 1953 Cor-poris
754 1887 951 1937 Iuliani
982 1890 1250 1939 Centzcrias
1285 1891 1387 1939 ΜΙ-

68 1972 338 2021 MTA-RES
380 1975 631 2038 accipimus
655 2013 668 2034 ,
708 1975 866 2040 quales
892 1986 1171 2025 memoratae
1201 1979 1245 2024 in
1270 1978 1386 2043 Cip-

69 2077 131 2124 po
155 2059 491 2124 Vespasianaeo
519 2097 532 2119 ‚
596 2077 798 2127 quorum
849 2061 1060 2108 militum
1123 2065 1335 2111 omnium
1368 2102 1383 2125 ,

73 2147 504 2212 Centurionumque
532 2149 719 2194 nomina
745 2147 975 2213 descripta
1003 2149 1177 2197 idcirco
1219 2152 1351 2199 vides
1371 2188 1383 2208 ,

75 2233 203 2300 quod.
225 2233 471 2280 Centuriae
509 2234 650 2298 ipsae,
678 2235 864 2280 nornine
892 2251 995 2294 suo,
1023 2234 1282 2283 SACRVM
1307 2255 1388 2303 pa·-

73 2319 115 2364 ci
137 2327 344 2366 aeternae
362 2317 633 2384 Vespasiani
661 2357 673 2379 ,
701 2318 1051 2385 liberorumque
1072 2322 1170 2368 eius
1193 2322 1383 2369 faciunt.

74 2403 249 2450 Verum
286 2406 332 2452 in
371 2403 505 2451 titulo
541 2413 695 2452 nostro
731 2404 1055 2453 Centuriarum
1092 2424 1169 2457 sex
1193 2444 1207 2469 .,
1263 2409 1391 2456 mili-
